<?xml version="1.0" encoding="UTF-8"?>
<collection>
    <record>
        <leader>01680cam a2200433 a 4500</leader>
        <controlfield tag="001">CAT10592759</controlfield>
        <controlfield tag="005">20221101160436.0</controlfield>
        <controlfield tag="008">920730s1978    hu a     b    101 0 eng  </controlfield>
        <datafield tag="010" ind1=" " ind2=" ">
            <subfield code="a">   81480439 </subfield>
        </datafield>
        <datafield tag="016" ind1="7" ind2=" ">
            <subfield code="a">CAT10592759</subfield>
            <subfield code="2">DNAL</subfield>
        </datafield>
        <datafield tag="020" ind1=" " ind2=" ">
            <subfield code="a">9635921381</subfield>
            <subfield code="q">(pbk. ;</subfield>
            <subfield code="q">v. 1)</subfield>
        </datafield>
        <datafield tag="020" ind1=" " ind2=" ">
            <subfield code="a">9789635921386</subfield>
            <subfield code="q">(pbk. ;</subfield>
            <subfield code="q">v. 1)</subfield>
        </datafield>
        <datafield tag="020" ind1=" " ind2=" ">
            <subfield code="a">963592139X</subfield>
            <subfield code="q">(pbk. ;</subfield>
            <subfield code="q">v. 2)</subfield>
        </datafield>
        <datafield tag="020" ind1=" " ind2=" ">
            <subfield code="a">9789635921393</subfield>
            <subfield code="q">(pbk. ;</subfield>
            <subfield code="q">v. 2)</subfield>
        </datafield>
        <datafield tag="035" ind1=" " ind2=" ">
            <subfield code="a">563152</subfield>
        </datafield>
        <datafield tag="035" ind1=" " ind2=" ">
            <subfield code="a">(OCoLC)08432249</subfield>
        </datafield>
        <datafield tag="035" ind1=" " ind2=" ">
            <subfield code="a">(DNAL)563152-naldb-Voyager</subfield>
        </datafield>
        <datafield tag="040" ind1=" " ind2=" ">
            <subfield code="a">DLC</subfield>
            <subfield code="b">eng</subfield>
            <subfield code="c">DLC</subfield>
            <subfield code="d">OCL</subfield>
            <subfield code="d">OCLCQ</subfield>
            <subfield code="d">BTCTA</subfield>
            <subfield code="d">OCLCG</subfield>
            <subfield code="d">OCLCO</subfield>
            <subfield code="d">OCLCF</subfield>
            <subfield code="d">OCLCQ</subfield>
            <subfield code="d">OCL</subfield>
            <subfield code="d">OCLCQ</subfield>
            <subfield code="d">AGL</subfield>
        </datafield>
        <datafield tag="041" ind1="0" ind2=" ">
            <subfield code="a">eng</subfield>
            <subfield code="a">fre</subfield>
            <subfield code="a">ger</subfield>
            <subfield code="a">rus</subfield>
        </datafield>
        <datafield tag="049" ind1=" " ind2=" ">
            <subfield code="a">AGLL</subfield>
        </datafield>
        <datafield tag="070" ind1=" " ind2=" ">
            <subfield code="a">TS940.C6</subfield>
            <subfield code="b">1978</subfield>
        </datafield>
        <datafield tag="072" ind1=" " ind2=" ">
            <subfield code="a">E700</subfield>
        </datafield>
        <datafield tag="111" ind1="2" ind2=" ">
            <subfield code="a">Congress on the Leather Industry</subfield>
            <subfield code="n">(6th :</subfield>
            <subfield code="d">1978 :</subfield>
            <subfield code="c">Budapest, Hungary)</subfield>
        </datafield>
        <datafield tag="245" ind1="1" ind2="0">
            <subfield code="a">Proceedings /</subfield>
            <subfield code="c">6. Congress on the Leather Industry.</subfield>
        </datafield>
        <datafield tag="260" ind1=" " ind2=" ">
            <subfield code="a">Budapest :</subfield>
            <subfield code="b">Bőr-, Cipő- és Bőrfeldolgozóipari Tudományos Egyesület :</subfield>
            <subfield code="b">OMKDK-TECHNOINFORM,</subfield>
            <subfield code="c">1978.</subfield>
        </datafield>
        <datafield tag="300" ind1=" " ind2=" ">
            <subfield code="a">2 volumes (1362 pages) :</subfield>
            <subfield code="b">illustrations ;</subfield>
            <subfield code="c">24 cm</subfield>
        </datafield>
        <datafield tag="336" ind1=" " ind2=" ">
            <subfield code="a">text</subfield>
            <subfield code="b">txt</subfield>
            <subfield code="2">rdacontent</subfield>
        </datafield>
        <datafield tag="337" ind1=" " ind2=" ">
            <subfield code="a">unmediated</subfield>
            <subfield code="b">n</subfield>
            <subfield code="2">rdamedia</subfield>
        </datafield>
        <datafield tag="338" ind1=" " ind2=" ">
            <subfield code="a">volume</subfield>
            <subfield code="b">nc</subfield>
            <subfield code="2">rdacarrier</subfield>
        </datafield>
        <datafield tag="504" ind1=" " ind2=" ">
            <subfield code="a">Includes bibliographical references and indexes.</subfield>
        </datafield>
        <datafield tag="591" ind1=" " ind2=" ">
            <subfield code="b">NAL Reclamation</subfield>
        </datafield>
        <datafield tag="650" ind1=" " ind2="0">
            <subfield code="a">Leather industry and trade</subfield>
            <subfield code="v">Congresses.</subfield>
        </datafield>
        <datafield tag="655" ind1=" " ind2="7">
            <subfield code="a">Conference papers and proceedings.</subfield>
            <subfield code="2">fast</subfield>
            <subfield code="0">(OCoLC)fst01423772</subfield>
        </datafield>
        <datafield tag="700" ind1="1" ind2=" ">
            <subfield code="a">Radnóti, László,</subfield>
            <subfield code="d">1918-</subfield>
            <subfield code="0">http://id.loc.gov/authorities/names/n80155137</subfield>
        </datafield>
        <datafield tag="700" ind1="1" ind2=" ">
            <subfield code="a">Ács, Edit.</subfield>
        </datafield>
        <datafield tag="710" ind1="2" ind2=" ">
            <subfield code="a">Bőripari Tudományos Egyesület.</subfield>
            <subfield code="0">http://id.loc.gov/authorities/names/n80158861</subfield>
        </datafield>
        <datafield tag="930" ind1=" " ind2=" ">
            <subfield code="a">00000000</subfield>
            <subfield code="b">00000000</subfield>
            <subfield code="c">00000000</subfield>
        </datafield>
        <datafield tag="946" ind1=" " ind2=" ">
            <subfield code="a">Non-US</subfield>
        </datafield>
        <datafield tag="035" ind1=" " ind2=" ">
            <subfield code="a">(Alma)9915431564907426</subfield>
        </datafield>
    </record>