
    <record>
        <leader>01940cam a2200469Ia 4500</leader>
        <controlfield tag="001">CAT89919044</controlfield>
        <controlfield tag="005">20221101160512.0</controlfield>
        <controlfield tag="008">890905s1988    ru a     b    000 0 ruso </controlfield>
        <datafield tag="016" ind1="7" ind2=" ">
            <subfield code="a">CAT89919044</subfield>
            <subfield code="2">DNAL</subfield>
        </datafield>
        <datafield tag="020" ind1=" " ind2=" ">
            <subfield code="a">5260000676</subfield>
        </datafield>
        <datafield tag="020" ind1=" " ind2=" ">
            <subfield code="a">9785260000670</subfield>
        </datafield>
        <datafield tag="035" ind1=" " ind2=" ">
            <subfield code="a">435066</subfield>
        </datafield>
        <datafield tag="035" ind1=" " ind2=" ">
            <subfield code="a">(OCoLC)18185829</subfield>
        </datafield>
        <datafield tag="035" ind1=" " ind2=" ">
            <subfield code="a">(DNAL)435066-naldb-Voyager</subfield>
        </datafield>
        <datafield tag="040" ind1=" " ind2=" ">
            <subfield code="a">AGL</subfield>
            <subfield code="b">eng</subfield>
            <subfield code="c">AGL</subfield>
            <subfield code="d">OCLCQ</subfield>
            <subfield code="d">OCLCG</subfield>
            <subfield code="d">OCLCO</subfield>
            <subfield code="d">OCLCF</subfield>
            <subfield code="d">OCLCQ</subfield>
        </datafield>
        <datafield tag="043" ind1=" " ind2=" ">
            <subfield code="a">e-ur---</subfield>
        </datafield>
        <datafield tag="049" ind1=" " ind2=" ">
            <subfield code="a">AGLL</subfield>
        </datafield>
        <datafield tag="066" ind1=" " ind2=" ">
            <subfield code="c">(N</subfield>
        </datafield>
        <datafield tag="070" ind1="0" ind2=" ">
            <subfield code="a">S760.S68A8</subfield>
        </datafield>
        <datafield tag="072" ind1=" " ind2=" ">
            <subfield code="a">N200</subfield>
        </datafield>
        <datafield tag="242" ind1="0" ind2="0">
            <subfield code="a">ASU moisture-heat parameters.</subfield>
        </datafield>
        <datafield tag="245" ind1="0" ind2="0">
            <subfield code="6">880-01</subfield>
            <subfield code="a">ASU vlazhnostno-teplovymi parametrami /</subfield>
            <subfield code="c">[avtory: P.S. Beli︠a︡ev ... i dr. ; sostaviteli: S.V. Mishchenko, I.F. Borodin].</subfield>
        </datafield>
        <datafield tag="880" ind1="0" ind2="0">
            <subfield code="6">245-01/(N</subfield>
            <subfield code="a">АСУ влажностно-тепловыми параметрами /</subfield>
            <subfield code="c">[авторы: П.С. Беляев ... и др. ; составители: С.В. Мищенко, И.Ф. Бородин].</subfield>
        </datafield>
        <datafield tag="260" ind1=" " ind2=" ">
            <subfield code="6">880-02</subfield>
            <subfield code="a">Moskva :</subfield>
            <subfield code="b">Rosagropromizdat,</subfield>
            <subfield code="c">1988.</subfield>
        </datafield>
        <datafield tag="880" ind1=" " ind2=" ">
            <subfield code="6">260-02/(N</subfield>
            <subfield code="a">Москва :</subfield>
            <subfield code="b">Росагропромиздат,</subfield>
            <subfield code="c">1988.</subfield>
        </datafield>
        <datafield tag="300" ind1=" " ind2=" ">
            <subfield code="a">220, [2] pages :</subfield>
            <subfield code="b">illustrations ;</subfield>
            <subfield code="c">21 cm</subfield>
        </datafield>
        <datafield tag="336" ind1=" " ind2=" ">
            <subfield code="a">text</subfield>
            <subfield code="b">txt</subfield>
            <subfield code="2">rdacontent</subfield>
        </datafield>
        <datafield tag="337" ind1=" " ind2=" ">
            <subfield code="a">unmediated</subfield>
            <subfield code="b">n</subfield>
            <subfield code="2">rdamedia</subfield>
        </datafield>
        <datafield tag="338" ind1=" " ind2=" ">
            <subfield code="a">volume</subfield>
            <subfield code="b">nc</subfield>
            <subfield code="2">rdacarrier</subfield>
        </datafield>
        <datafield tag="504" ind1=" " ind2=" ">
            <subfield code="a">Includes bibliographical references (page 222).</subfield>
        </datafield>
        <datafield tag="588" ind1=" " ind2=" ">
            <subfield code="a">Non-Latin script generated programmatically.</subfield>
        </datafield>
        <datafield tag="591" ind1=" " ind2=" ">
            <subfield code="b">NAL Reclamation</subfield>
        </datafield>
        <datafield tag="650" ind1=" " ind2="0">
            <subfield code="a">Agricultural engineering</subfield>
            <subfield code="z">Soviet Union.</subfield>
        </datafield>
        <datafield tag="650" ind1=" " ind2="0">
            <subfield code="a">Agricultural machinery</subfield>
            <subfield code="z">Soviet Union.</subfield>
        </datafield>
        <datafield tag="651" ind1=" " ind2="7">
            <subfield code="a">Soviet Union.</subfield>
            <subfield code="2">fast</subfield>
            <subfield code="0">(OCoLC)fst01210281</subfield>
        </datafield>
        <datafield tag="700" ind1="1" ind2=" ">
            <subfield code="a">Beli︠a︡ev, P. S.</subfield>
            <subfield code="q">(Pavel Serafimovich)</subfield>
        </datafield>
        <datafield tag="700" ind1="1" ind2=" ">
            <subfield code="a">Mishchenko, S. V.</subfield>
            <subfield code="q">(Sergeĭ Vladimirovich)</subfield>
            <subfield code="0">http://id.loc.gov/authorities/names/n94004813</subfield>
        </datafield>
        <datafield tag="700" ind1="1" ind2=" ">
            <subfield code="a">Borodin, I. F.</subfield>
            <subfield code="q">(Ivan Fedorovich)</subfield>
        </datafield>
        <datafield tag="852" ind1=" " ind2=" ">
            <subfield code="a">DNAL</subfield>
            <subfield code="i">S760.S68A8</subfield>
        </datafield>
        <datafield tag="930" ind1="0" ind2="1">
            <subfield code="a">00000000</subfield>
            <subfield code="b">00000000</subfield>
            <subfield code="c">19890606</subfield>
            <subfield code="e">1 890606</subfield>
            <subfield code="f">0 890606</subfield>
            <subfield code="s">1 890807</subfield>
        </datafield>
        <datafield tag="946" ind1=" " ind2=" ">
            <subfield code="a">Non-US</subfield>
        </datafield>
        <datafield tag="035" ind1=" " ind2=" ">
            <subfield code="a">(Alma)9915431563207426</subfield>
        </datafield>
    </record>