
    <record>
        <leader>02616cas a2200625 a 4500</leader>
        <controlfield tag="001">CAT10595338</controlfield>
        <controlfield tag="005">20221101160129.0</controlfield>
        <controlfield tag="008">920801d19291965ja mr p       0   d0jpn c</controlfield>
        <datafield tag="010" ind1=" " ind2=" ">
            <subfield code="a">  2002208255</subfield>
        </datafield>
        <datafield tag="016" ind1="7" ind2=" ">
            <subfield code="a">CAT10595338</subfield>
            <subfield code="2">DNAL</subfield>
        </datafield>
        <datafield tag="016" ind1="7" ind2=" ">
            <subfield code="a">008211209</subfield>
            <subfield code="2">Uk</subfield>
        </datafield>
        <datafield tag="022" ind1=" " ind2=" ">
            <subfield code="y">0369-5123</subfield>
        </datafield>
        <datafield tag="035" ind1=" " ind2=" ">
            <subfield code="a">563449</subfield>
        </datafield>
        <datafield tag="035" ind1=" " ind2=" ">
            <subfield code="a">(OCoLC)10055822</subfield>
            <subfield code="z">(OCoLC)1064389398</subfield>
        </datafield>
        <datafield tag="035" ind1=" " ind2=" ">
            <subfield code="a">(DNAL)563449-naldb-Voyager</subfield>
        </datafield>
        <datafield tag="035" ind1=" " ind2=" ">
            <subfield code="z">(OCoLC)1064389398</subfield>
        </datafield>
        <datafield tag="040" ind1=" " ind2=" ">
            <subfield code="a">LDL</subfield>
            <subfield code="b">eng</subfield>
            <subfield code="c">LDL</subfield>
            <subfield code="d">AGL</subfield>
            <subfield code="d">WAU</subfield>
            <subfield code="d">DLC</subfield>
            <subfield code="d">OCL</subfield>
            <subfield code="d">UKMGB</subfield>
            <subfield code="d">OCLCQ</subfield>
            <subfield code="d">OCLCF</subfield>
            <subfield code="d">OCLCO</subfield>
            <subfield code="d">OCLCQ</subfield>
        </datafield>
        <datafield tag="041" ind1="0" ind2=" ">
            <subfield code="a">jpn</subfield>
            <subfield code="b">eng</subfield>
        </datafield>
        <datafield tag="042" ind1=" " ind2=" ">
            <subfield code="a">pcc</subfield>
        </datafield>
        <datafield tag="043" ind1=" " ind2=" ">
            <subfield code="a">a-ja---</subfield>
        </datafield>
        <datafield tag="049" ind1=" " ind2=" ">
            <subfield code="a">AGLL</subfield>
        </datafield>
        <datafield tag="066" ind1=" " ind2=" ">
            <subfield code="c">$1</subfield>
        </datafield>
        <datafield tag="070" ind1="0" ind2=" ">
            <subfield code="a">290.8</subfield>
            <subfield code="b">N68</subfield>
        </datafield>
        <datafield tag="072" ind1=" " ind2=" ">
            <subfield code="a">N000</subfield>
        </datafield>
        <datafield tag="245" ind1="0" ind2="0">
            <subfield code="6">880-01</subfield>
            <subfield code="a">Nōgyō doboku kenkyū =</subfield>
            <subfield code="b">Journal of the Agricultural Engineering Society, Japan.</subfield>
        </datafield>
        <datafield tag="880" ind1="0" ind2="0">
            <subfield code="6">245-01/$1</subfield>
            <subfield code="a">農業土木硏究 =</subfield>
            <subfield code="b">Journal of the Agricultural Engineering Society, Japan.</subfield>
        </datafield>
        <datafield tag="246" ind1="1" ind2=" ">
            <subfield code="i">Vol. 28, no. 2 has English title:</subfield>
            <subfield code="a">Journal of the Agricultural Society, Japan</subfield>
        </datafield>
        <datafield tag="246" ind1="3" ind2="1">
            <subfield code="a">Journal of the Agricultural Engineering Society, Japan</subfield>
        </datafield>
        <datafield tag="260" ind1=" " ind2=" ">
            <subfield code="6">880-02</subfield>
            <subfield code="a">Tōkyō-to :</subfield>
            <subfield code="b">Nōgyō Doboku Gakkai,</subfield>
            <subfield code="c">-Shōwa 40 [1965]</subfield>
        </datafield>
        <datafield tag="880" ind1=" " ind2=" ">
            <subfield code="6">260-02/$1</subfield>
            <subfield code="a">東京都 :</subfield>
            <subfield code="b">農業土木学会,</subfield>
            <subfield code="c">-Shōwa 40 [1965]</subfield>
        </datafield>
        <datafield tag="300" ind1=" " ind2=" ">
            <subfield code="a">volumes :</subfield>
            <subfield code="b">illustrations ;</subfield>
            <subfield code="c">26 cm</subfield>
        </datafield>
        <datafield tag="310" ind1=" " ind2=" ">
            <subfield code="a">Monthly</subfield>
        </datafield>
        <datafield tag="336" ind1=" " ind2=" ">
            <subfield code="a">text</subfield>
            <subfield code="b">txt</subfield>
            <subfield code="2">rdacontent</subfield>
        </datafield>
        <datafield tag="337" ind1=" " ind2=" ">
            <subfield code="a">unmediated</subfield>
            <subfield code="b">n</subfield>
            <subfield code="2">rdamedia</subfield>
        </datafield>
        <datafield tag="338" ind1=" " ind2=" ">
            <subfield code="a">volume</subfield>
            <subfield code="b">nc</subfield>
            <subfield code="2">rdacarrier</subfield>
        </datafield>
        <datafield tag="362" ind1="1" ind2=" ">
            <subfield code="a">Began in Dec. 1929.</subfield>
        </datafield>
        <datafield tag="362" ind1="0" ind2=" ">
            <subfield code="6">880-03</subfield>
            <subfield code="a">-Dai 32-kan, dai 8-gō (Shōwa 40-nen 4-gatsu [Apr. 1965]).</subfield>
        </datafield>
        <datafield tag="880" ind1="0" ind2=" ">
            <subfield code="6">362-03/$1</subfield>
            <subfield code="a">-第32卷第8号 (昭和40年4月 [Apr. 1965]).</subfield>
        </datafield>
        <datafield tag="515" ind1=" " ind2=" ">
            <subfield code="a">Suspended Oct. 1943-Nov. 1948.</subfield>
        </datafield>
        <datafield tag="546" ind1=" " ind2=" ">
            <subfield code="a">In Japanese; summaries in English.</subfield>
        </datafield>
        <datafield tag="588" ind1=" " ind2=" ">
            <subfield code="a">Description based on: Dai 2-kan, dai 1-gō (Shōwa 5-nen 4-gatsu [Apr. 1930]); title from cover.</subfield>
        </datafield>
        <datafield tag="591" ind1=" " ind2=" ">
            <subfield code="b">NAL Reclamation</subfield>
        </datafield>
        <datafield tag="650" ind1=" " ind2="0">
            <subfield code="a">Agricultural engineering</subfield>
            <subfield code="z">Japan</subfield>
            <subfield code="v">Periodicals.</subfield>
        </datafield>
        <datafield tag="651" ind1=" " ind2="7">
            <subfield code="a">Japan.</subfield>
            <subfield code="2">fast</subfield>
            <subfield code="0">(OCoLC)fst01204082</subfield>
        </datafield>
        <datafield tag="655" ind1=" " ind2="7">
            <subfield code="a">Periodicals.</subfield>
            <subfield code="2">fast</subfield>
            <subfield code="0">(OCoLC)fst01411641</subfield>
        </datafield>
        <datafield tag="710" ind1="2" ind2=" ">
            <subfield code="6">880-04</subfield>
            <subfield code="a">Nōgyō Doboku Gakkai.</subfield>
            <subfield code="0">http://id.loc.gov/authorities/names/n82029164</subfield>
        </datafield>
        <datafield tag="880" ind1="2" ind2=" ">
            <subfield code="6">710-04/$1</subfield>
            <subfield code="a">農業土木学会.</subfield>
        </datafield>
        <datafield tag="770" ind1="0" ind2=" ">
            <subfield code="6">880-05</subfield>
            <subfield code="t">Nōgyō doboku kenkyū. Bessatsu</subfield>
            <subfield code="w">(DLC)  2002208256</subfield>
            <subfield code="w">(OCoLC)204469006</subfield>
        </datafield>
        <datafield tag="880" ind1="0" ind2=" ">
            <subfield code="6">770-05/$1</subfield>
            <subfield code="t">農業土木硏究. 別册</subfield>
            <subfield code="w">(DLC)  2002208256</subfield>
            <subfield code="w">(OCoLC)204469006</subfield>
        </datafield>
        <datafield tag="785" ind1="0" ind2="0">
            <subfield code="6">880-06</subfield>
            <subfield code="t">Nōgyō Doboku Gakkai shi</subfield>
            <subfield code="x">0369-5123</subfield>
            <subfield code="w">(DLC)sn 92015396</subfield>
            <subfield code="w">(OCoLC)9490269</subfield>
        </datafield>
        <datafield tag="880" ind1="0" ind2="0">
            <subfield code="6">785-06/$1</subfield>
            <subfield code="t">農業土木学会誌</subfield>
            <subfield code="x">0369-5123</subfield>
            <subfield code="w">(DLC)sn 92015396</subfield>
            <subfield code="w">(OCoLC)9490269</subfield>
        </datafield>
        <datafield tag="850" ind1=" " ind2=" ">
            <subfield code="a">DLC</subfield>
        </datafield>
        <datafield tag="930" ind1=" " ind2=" ">
            <subfield code="a">19940720</subfield>
            <subfield code="b">19940722</subfield>
            <subfield code="c">00000000</subfield>
        </datafield>
        <datafield tag="946" ind1=" " ind2=" ">
            <subfield code="a">Non-US</subfield>
        </datafield>
        <datafield tag="035" ind1=" " ind2=" ">
            <subfield code="a">(Alma)9915431434407426</subfield>
        </datafield>
    </record>