
    <record>
        <leader>02241cam a2200445Ia 4500</leader>
        <controlfield tag="001">CAT89917380</controlfield>
        <controlfield tag="005">20221101160644.0</controlfield>
        <controlfield tag="008">890831s1988    cauab    b   f000 0 eng d</controlfield>
        <datafield tag="016" ind1="7" ind2=" ">
            <subfield code="a">CAT89917380</subfield>
            <subfield code="2">DNAL</subfield>
        </datafield>
        <datafield tag="035" ind1=" " ind2=" ">
            <subfield code="a">435030</subfield>
        </datafield>
        <datafield tag="035" ind1=" " ind2=" ">
            <subfield code="a">(OCoLC)18941056</subfield>
        </datafield>
        <datafield tag="035" ind1=" " ind2=" ">
            <subfield code="a">(DNAL)435030-naldb-Voyager</subfield>
        </datafield>
        <datafield tag="040" ind1=" " ind2=" ">
            <subfield code="a">GPO</subfield>
            <subfield code="b">eng</subfield>
            <subfield code="c">GPO</subfield>
            <subfield code="d">AGL</subfield>
            <subfield code="d">UDI</subfield>
            <subfield code="d">OCL</subfield>
            <subfield code="d">GIM</subfield>
            <subfield code="d">OCLCQ</subfield>
            <subfield code="d">OCLCF</subfield>
            <subfield code="d">OCLCQ</subfield>
            <subfield code="d">OCLCO</subfield>
            <subfield code="d">SFR</subfield>
            <subfield code="d">GPO</subfield>
        </datafield>
        <datafield tag="043" ind1=" " ind2=" ">
            <subfield code="a">n-us-ca</subfield>
        </datafield>
        <datafield tag="049" ind1=" " ind2=" ">
            <subfield code="a">AGLL</subfield>
        </datafield>
        <datafield tag="070" ind1="0" ind2=" ">
            <subfield code="a">GB701.W375</subfield>
            <subfield code="b">no.87-4101</subfield>
        </datafield>
        <datafield tag="072" ind1=" " ind2=" ">
            <subfield code="a">P200</subfield>
        </datafield>
        <datafield tag="074" ind1=" " ind2=" ">
            <subfield code="a">0624-B</subfield>
        </datafield>
        <datafield tag="086" ind1="0" ind2=" ">
            <subfield code="a">I 19.42/4:87-4101</subfield>
        </datafield>
        <datafield tag="100" ind1="1" ind2=" ">
            <subfield code="a">Berenbrock, Charles.</subfield>
        </datafield>
        <datafield tag="245" ind1="1" ind2="0">
            <subfield code="a">Ground-water quality in the Lompoc plain, Santa Barbara County, California, 1983 /</subfield>
            <subfield code="c">by Charles Berenbrock ; prepared in cooperation with the U.S. Air Force, Vandenberg Air Force Base.</subfield>
        </datafield>
        <datafield tag="260" ind1=" " ind2=" ">
            <subfield code="a">Sacramento, Calif. :</subfield>
            <subfield code="b">Dept. of the Interior, U.S. Geological Survey ;</subfield>
            <subfield code="a">Denver, CO :</subfield>
            <subfield code="b">U.S. Geological Survey, Books and Open-File Reports Section [distributor],</subfield>
            <subfield code="c">1988.</subfield>
        </datafield>
        <datafield tag="300" ind1=" " ind2=" ">
            <subfield code="a">iv, 54 pages :</subfield>
            <subfield code="b">illustrations, maps ;</subfield>
            <subfield code="c">28 cm.</subfield>
        </datafield>
        <datafield tag="336" ind1=" " ind2=" ">
            <subfield code="a">text</subfield>
            <subfield code="b">txt</subfield>
            <subfield code="2">rdacontent</subfield>
        </datafield>
        <datafield tag="337" ind1=" " ind2=" ">
            <subfield code="a">unmediated</subfield>
            <subfield code="b">n</subfield>
            <subfield code="2">rdamedia</subfield>
        </datafield>
        <datafield tag="338" ind1=" " ind2=" ">
            <subfield code="a">volume</subfield>
            <subfield code="b">nc</subfield>
            <subfield code="2">rdacarrier</subfield>
        </datafield>
        <datafield tag="490" ind1="1" ind2=" ">
            <subfield code="a">Water-resources investigations report ;</subfield>
            <subfield code="v">87-4101</subfield>
        </datafield>
        <datafield tag="504" ind1=" " ind2=" ">
            <subfield code="a">Includes bibliographical references (pages 48-49).</subfield>
        </datafield>
        <datafield tag="591" ind1=" " ind2=" ">
            <subfield code="b">NAL Reclamation</subfield>
        </datafield>
        <datafield tag="650" ind1=" " ind2="0">
            <subfield code="a">Groundwater</subfield>
            <subfield code="z">California</subfield>
            <subfield code="z">Santa Barbara County.</subfield>
        </datafield>
        <datafield tag="650" ind1=" " ind2="0">
            <subfield code="a">Groundwater</subfield>
            <subfield code="x">Quality</subfield>
            <subfield code="z">California</subfield>
            <subfield code="z">Santa Barbara County.</subfield>
        </datafield>
        <datafield tag="651" ind1=" " ind2="7">
            <subfield code="a">California</subfield>
            <subfield code="z">Santa Barbara County.</subfield>
            <subfield code="2">fast</subfield>
            <subfield code="0">(OCoLC)fst01212516</subfield>
        </datafield>
        <datafield tag="710" ind1="1" ind2=" ">
            <subfield code="a">Vandenberg Air Force Base (Calif.)</subfield>
            <subfield code="0">http://id.loc.gov/authorities/names/n80128695</subfield>
        </datafield>
        <datafield tag="710" ind1="2" ind2=" ">
            <subfield code="a">Geological Survey (U.S.)</subfield>
            <subfield code="0">http://id.loc.gov/authorities/names/n80092173</subfield>
        </datafield>
        <datafield tag="776" ind1="0" ind2="8">
            <subfield code="i">Online version:</subfield>
            <subfield code="a">Berenbrock, Charles.</subfield>
            <subfield code="t">Ground-water quality in the Lompoc plain, Santa Barbara County, California, 1983.</subfield>
            <subfield code="d">Sacramento, Calif. : Dept. of the Interior, U.S. Geological Survey ; Denver, CO : U.S. Geological Survey, Books and Open-File Reports Section [distributor], 1988</subfield>
            <subfield code="w">(OCoLC)680103349</subfield>
        </datafield>
        <datafield tag="830" ind1=" " ind2="0">
            <subfield code="a">Water-resources investigations report ;</subfield>
            <subfield code="v">87-4101.</subfield>
        </datafield>
        <datafield tag="852" ind1=" " ind2=" ">
            <subfield code="a">DNAL</subfield>
            <subfield code="i">GB701.W375 no.87-4101</subfield>
        </datafield>
        <datafield tag="930" ind1="0" ind2="1">
            <subfield code="a">00000000</subfield>
            <subfield code="b">00000000</subfield>
            <subfield code="c">19890606</subfield>
            <subfield code="e">1 890606</subfield>
            <subfield code="f">0 890606</subfield>
            <subfield code="s">1 890807</subfield>
        </datafield>
        <datafield tag="946" ind1=" " ind2=" ">
            <subfield code="a">Other US</subfield>
        </datafield>
        <datafield tag="035" ind1=" " ind2=" ">
            <subfield code="a">(Alma)9915431633507426</subfield>
        </datafield>
    </record>