
    <record>
        <leader>01420cam a2200349Ia 4500</leader>
        <controlfield tag="001">CAT92269142</controlfield>
        <controlfield tag="005">20221101160634.0</controlfield>
        <controlfield tag="008">920729s1981    idua         s000 0 eng d</controlfield>
        <datafield tag="016" ind1="7" ind2=" ">
            <subfield code="a">CAT92269142</subfield>
            <subfield code="2">DNAL</subfield>
        </datafield>
        <datafield tag="035" ind1=" " ind2=" ">
            <subfield code="a">563270</subfield>
        </datafield>
        <datafield tag="035" ind1=" " ind2=" ">
            <subfield code="a">(OCoLC)26280999</subfield>
        </datafield>
        <datafield tag="035" ind1=" " ind2=" ">
            <subfield code="a">(DNAL)563270-naldb-Voyager</subfield>
        </datafield>
        <datafield tag="040" ind1=" " ind2=" ">
            <subfield code="a">RQF</subfield>
            <subfield code="b">eng</subfield>
            <subfield code="c">RQF</subfield>
            <subfield code="d">OCLCQ</subfield>
            <subfield code="d">OCLCF</subfield>
            <subfield code="d">OCLCQ</subfield>
            <subfield code="d">OCLCO</subfield>
            <subfield code="d">OCLCA</subfield>
        </datafield>
        <datafield tag="043" ind1=" " ind2=" ">
            <subfield code="a">n-us-id</subfield>
        </datafield>
        <datafield tag="049" ind1=" " ind2=" ">
            <subfield code="a">AGLX</subfield>
        </datafield>
        <datafield tag="070" ind1="0" ind2=" ">
            <subfield code="a">275.29</subfield>
            <subfield code="b">Id13Idc no.568</subfield>
        </datafield>
        <datafield tag="072" ind1=" " ind2=" ">
            <subfield code="a">F110</subfield>
        </datafield>
        <datafield tag="245" ind1="0" ind2="0">
            <subfield code="a">Sunflower :</subfield>
            <subfield code="b">a potential alternate crop for the cooler regions of Idaho /</subfield>
            <subfield code="c">D.L. Auld [and others].</subfield>
        </datafield>
        <datafield tag="260" ind1=" " ind2=" ">
            <subfield code="a">[Moscow, Idaho] :</subfield>
            <subfield code="b">University of Idaho, College of Agriculture, Cooperative Extension Service, Agricultural Experiment Station,</subfield>
            <subfield code="c">1981.</subfield>
        </datafield>
        <datafield tag="300" ind1=" " ind2=" ">
            <subfield code="a">6 unnumbered pages :</subfield>
            <subfield code="b">illustrations ;</subfield>
            <subfield code="c">28 cm.</subfield>
        </datafield>
        <datafield tag="336" ind1=" " ind2=" ">
            <subfield code="a">text</subfield>
            <subfield code="b">txt</subfield>
            <subfield code="2">rdacontent</subfield>
        </datafield>
        <datafield tag="337" ind1=" " ind2=" ">
            <subfield code="a">unmediated</subfield>
            <subfield code="b">n</subfield>
            <subfield code="2">rdamedia</subfield>
        </datafield>
        <datafield tag="338" ind1=" " ind2=" ">
            <subfield code="a">volume</subfield>
            <subfield code="b">nc</subfield>
            <subfield code="2">rdacarrier</subfield>
        </datafield>
        <datafield tag="490" ind1="1" ind2=" ">
            <subfield code="a">Current information series / University of Idaho, College of Agriculture, Cooperative Extension Service, Agricultural Experiment Station ;</subfield>
            <subfield code="v">no. 568</subfield>
        </datafield>
        <datafield tag="591" ind1=" " ind2=" ">
            <subfield code="b">NAL Reclamation</subfield>
        </datafield>
        <datafield tag="650" ind1=" " ind2="0">
            <subfield code="a">Sunflowers</subfield>
            <subfield code="z">Idaho.</subfield>
        </datafield>
        <datafield tag="651" ind1=" " ind2="7">
            <subfield code="a">Idaho.</subfield>
            <subfield code="2">fast</subfield>
            <subfield code="0">(OCoLC)fst01211709</subfield>
        </datafield>
        <datafield tag="700" ind1="1" ind2=" ">
            <subfield code="a">Auld, D. L.</subfield>
        </datafield>
        <datafield tag="830" ind1=" " ind2="0">
            <subfield code="a">Current information series (University of Idaho. Cooperative Extension Service) ;</subfield>
            <subfield code="v">no. 568.</subfield>
        </datafield>
        <datafield tag="930" ind1=" " ind2=" ">
            <subfield code="a">00000000</subfield>
            <subfield code="b">19940225</subfield>
            <subfield code="c">00000000</subfield>
        </datafield>
        <datafield tag="946" ind1=" " ind2=" ">
            <subfield code="a">State experiment station</subfield>
        </datafield>
        <datafield tag="035" ind1=" " ind2=" ">
            <subfield code="a">(Alma)9915431624507426</subfield>
        </datafield>
    </record>