
    <record>
        <leader>01852cam a2200445Ia 4500</leader>
        <controlfield tag="001">CAT89914856</controlfield>
        <controlfield tag="005">20221101160528.0</controlfield>
        <controlfield tag="008">890831s1987    it a          000 0 eng  </controlfield>
        <datafield tag="016" ind1="7" ind2=" ">
            <subfield code="a">CAT89914856</subfield>
            <subfield code="2">DNAL</subfield>
        </datafield>
        <datafield tag="024" ind1="8" ind2=" ">
            <subfield code="a">D8047</subfield>
        </datafield>
        <datafield tag="035" ind1=" " ind2=" ">
            <subfield code="a">435027</subfield>
        </datafield>
        <datafield tag="035" ind1=" " ind2=" ">
            <subfield code="a">(OCoLC)17272434</subfield>
            <subfield code="z">(OCoLC)19621047</subfield>
            <subfield code="z">(OCoLC)1086750003</subfield>
        </datafield>
        <datafield tag="035" ind1=" " ind2=" ">
            <subfield code="a">(DNAL)435027-naldb-Voyager</subfield>
        </datafield>
        <datafield tag="035" ind1=" " ind2=" ">
            <subfield code="z">(OCoLC)19621047</subfield>
            <subfield code="z">(OCoLC)1086750003</subfield>
        </datafield>
        <datafield tag="040" ind1=" " ind2=" ">
            <subfield code="a">AGL</subfield>
            <subfield code="b">eng</subfield>
            <subfield code="c">AGL</subfield>
            <subfield code="d">MWT</subfield>
            <subfield code="d">OCLCQ</subfield>
            <subfield code="d">I5D</subfield>
            <subfield code="d">OCLCG</subfield>
            <subfield code="d">OCLCO</subfield>
            <subfield code="d">OCLCQ</subfield>
            <subfield code="d">VA@</subfield>
            <subfield code="d">WURST</subfield>
            <subfield code="d">NZHMA</subfield>
            <subfield code="d">REU</subfield>
            <subfield code="d">OCLCF</subfield>
        </datafield>
        <datafield tag="049" ind1=" " ind2=" ">
            <subfield code="a">AGLL</subfield>
        </datafield>
        <datafield tag="070" ind1="0" ind2=" ">
            <subfield code="a">SB317.B65D47</subfield>
        </datafield>
        <datafield tag="072" ind1=" " ind2=" ">
            <subfield code="a">F110</subfield>
        </datafield>
        <datafield tag="072" ind1=" " ind2=" ">
            <subfield code="a">F200</subfield>
        </datafield>
        <datafield tag="086" ind1="0" ind2=" ">
            <subfield code="a">IBPGR 2/B 73</subfield>
        </datafield>
        <datafield tag="245" ind1="0" ind2="0">
            <subfield code="a">Descriptors for Brassica campestris L. /</subfield>
            <subfield code="c">International Board for Plant Genetic Resources and Asian Vegetable Research and Development Center.</subfield>
        </datafield>
        <datafield tag="260" ind1=" " ind2=" ">
            <subfield code="a">Rome :</subfield>
            <subfield code="b">IBPGR,</subfield>
            <subfield code="c">©1987.</subfield>
        </datafield>
        <datafield tag="300" ind1=" " ind2=" ">
            <subfield code="a">vi, 27 pages :</subfield>
            <subfield code="b">illustrations ;</subfield>
            <subfield code="c">25 cm</subfield>
        </datafield>
        <datafield tag="336" ind1=" " ind2=" ">
            <subfield code="a">text</subfield>
            <subfield code="b">txt</subfield>
            <subfield code="2">rdacontent</subfield>
        </datafield>
        <datafield tag="337" ind1=" " ind2=" ">
            <subfield code="a">unmediated</subfield>
            <subfield code="b">n</subfield>
            <subfield code="2">rdamedia</subfield>
        </datafield>
        <datafield tag="338" ind1=" " ind2=" ">
            <subfield code="a">volume</subfield>
            <subfield code="b">nc</subfield>
            <subfield code="2">rdacarrier</subfield>
        </datafield>
        <datafield tag="591" ind1=" " ind2=" ">
            <subfield code="b">NAL Reclamation</subfield>
        </datafield>
        <datafield tag="650" ind1=" " ind2="0">
            <subfield code="a">Brassica</subfield>
            <subfield code="x">Germplasm resources</subfield>
            <subfield code="x">Classification</subfield>
            <subfield code="x">Standards.</subfield>
        </datafield>
        <datafield tag="650" ind1=" " ind2="0">
            <subfield code="a">Germplasm resources, Plant</subfield>
            <subfield code="x">Classification</subfield>
            <subfield code="x">Standards.</subfield>
        </datafield>
        <datafield tag="655" ind1=" " ind2="7">
            <subfield code="a">Field guides.</subfield>
            <subfield code="2">fast</subfield>
            <subfield code="0">(OCoLC)fst01940354</subfield>
        </datafield>
        <datafield tag="700" ind1="1" ind2=" ">
            <subfield code="a">Dourado, A. M.</subfield>
        </datafield>
        <datafield tag="700" ind1="1" ind2=" ">
            <subfield code="a">Opeña, R. T.</subfield>
            <subfield code="q">(Romeo T.)</subfield>
            <subfield code="0">http://id.loc.gov/authorities/names/n89610777</subfield>
        </datafield>
        <datafield tag="700" ind1="1" ind2=" ">
            <subfield code="a">Tay, C. S.</subfield>
        </datafield>
        <datafield tag="710" ind1="2" ind2=" ">
            <subfield code="a">International Board for Plant Genetic Resources.</subfield>
            <subfield code="0">http://id.loc.gov/authorities/names/n79035342</subfield>
        </datafield>
        <datafield tag="710" ind1="2" ind2=" ">
            <subfield code="a">Asian Vegetable Research and Development Center.</subfield>
            <subfield code="0">http://id.loc.gov/authorities/names/n83133859</subfield>
        </datafield>
        <datafield tag="776" ind1="0" ind2="8">
            <subfield code="i">Online version:</subfield>
            <subfield code="t">Descriptors for Brassica campestris L.</subfield>
            <subfield code="d">Rome : IBPGR, ©1987</subfield>
            <subfield code="w">(OCoLC)962741015</subfield>
        </datafield>
        <datafield tag="852" ind1=" " ind2=" ">
            <subfield code="a">DNAL</subfield>
            <subfield code="i">SB317.B65D47</subfield>
        </datafield>
        <datafield tag="930" ind1="0" ind2="1">
            <subfield code="a">00000000</subfield>
            <subfield code="b">00000000</subfield>
            <subfield code="c">19890606</subfield>
            <subfield code="e">1 890606</subfield>
            <subfield code="f">0 890606</subfield>
            <subfield code="s">1 890807</subfield>
        </datafield>
        <datafield tag="946" ind1=" " ind2=" ">
            <subfield code="a">Non-US</subfield>
        </datafield>
        <datafield tag="035" ind1=" " ind2=" ">
            <subfield code="a">(Alma)9915431612507426</subfield>
        </datafield>
    </record>