
    <record>
        <leader>02354cam a2200529 a 4500</leader>
        <controlfield tag="001">CAT89903990</controlfield>
        <controlfield tag="005">20221101160519.0</controlfield>
        <controlfield tag="008">890905s1987    enka   j b    100 0 eng  </controlfield>
        <datafield tag="010" ind1=" " ind2=" ">
            <subfield code="a">   87000720 </subfield>
        </datafield>
        <datafield tag="016" ind1="7" ind2=" ">
            <subfield code="a">CAT89903990</subfield>
            <subfield code="2">DNAL</subfield>
        </datafield>
        <datafield tag="016" ind1="7" ind2=" ">
            <subfield code="a">8700972</subfield>
            <subfield code="2">DNLM</subfield>
        </datafield>
        <datafield tag="016" ind1="7" ind2=" ">
            <subfield code="a">010374696</subfield>
            <subfield code="2">Uk</subfield>
        </datafield>
        <datafield tag="020" ind1=" " ind2=" ">
            <subfield code="a">052134347X</subfield>
            <subfield code="q">(pbk.)</subfield>
        </datafield>
        <datafield tag="020" ind1=" " ind2=" ">
            <subfield code="a">9780521343473</subfield>
            <subfield code="q">(pbk.)</subfield>
        </datafield>
        <datafield tag="035" ind1=" " ind2=" ">
            <subfield code="a">435490</subfield>
        </datafield>
        <datafield tag="035" ind1=" " ind2=" ">
            <subfield code="a">(OCoLC)15132397</subfield>
            <subfield code="z">(OCoLC)15132900</subfield>
            <subfield code="z">(OCoLC)15195605</subfield>
            <subfield code="z">(OCoLC)181143219</subfield>
            <subfield code="z">(OCoLC)1191382735</subfield>
        </datafield>
        <datafield tag="035" ind1=" " ind2=" ">
            <subfield code="a">(DNAL)435490-naldb-Voyager</subfield>
        </datafield>
        <datafield tag="035" ind1=" " ind2=" ">
            <subfield code="z">(OCoLC)15132900</subfield>
            <subfield code="z">(OCoLC)15195605</subfield>
            <subfield code="z">(OCoLC)181143219</subfield>
            <subfield code="z">(OCoLC)1191382735</subfield>
        </datafield>
        <datafield tag="040" ind1=" " ind2=" ">
            <subfield code="a">DNLM/DLC</subfield>
            <subfield code="b">eng</subfield>
            <subfield code="c">DLC</subfield>
            <subfield code="d">OCL</subfield>
            <subfield code="d">AGL</subfield>
            <subfield code="d">OCL</subfield>
            <subfield code="d">UKM</subfield>
            <subfield code="d">NLM</subfield>
            <subfield code="d">OCL</subfield>
            <subfield code="d">UBA</subfield>
            <subfield code="d">OCLCQ</subfield>
            <subfield code="d">BTCTA</subfield>
            <subfield code="d">BAKER</subfield>
            <subfield code="d">YDXCP</subfield>
            <subfield code="d">NLE</subfield>
            <subfield code="d">SINLB</subfield>
            <subfield code="d">NIALS</subfield>
            <subfield code="d">ZWZ</subfield>
            <subfield code="d">BDX</subfield>
            <subfield code="d">OCLCO</subfield>
            <subfield code="d">OCLCF</subfield>
            <subfield code="d">OCLCQ</subfield>
            <subfield code="d">OCLCO</subfield>
            <subfield code="d">OCLCQ</subfield>
            <subfield code="d">OCL</subfield>
            <subfield code="d">OCLCO</subfield>
            <subfield code="d">OCLCQ</subfield>
            <subfield code="d">OCLCO</subfield>
            <subfield code="d">OCLCA</subfield>
            <subfield code="d">UKMGB</subfield>
            <subfield code="d">BDP</subfield>
            <subfield code="d">OCLCA</subfield>
        </datafield>
        <datafield tag="049" ind1=" " ind2=" ">
            <subfield code="a">AGLL</subfield>
        </datafield>
        <datafield tag="070" ind1="0" ind2=" ">
            <subfield code="a">TX553.A3W48</subfield>
            <subfield code="b">no.20</subfield>
        </datafield>
        <datafield tag="072" ind1=" " ind2=" ">
            <subfield code="a">Q200</subfield>
        </datafield>
        <datafield tag="110" ind1="2" ind2=" ">
            <subfield code="a">Joint FAO/WHO Expert Committee on Food Additives.</subfield>
            <subfield code="b">Meeting</subfield>
            <subfield code="n">(29th :</subfield>
            <subfield code="d">1985 :</subfield>
            <subfield code="c">Geneva, Switzerland)</subfield>
        </datafield>
        <datafield tag="245" ind1="1" ind2="0">
            <subfield code="a">Toxicological evaluation of certain food additives and contaminants /</subfield>
            <subfield code="c">prepared by the 29th Meeting of the Joint FAO/WHO Expert Committee on Food Additives, Geneva, 3-12 June 1985.</subfield>
        </datafield>
        <datafield tag="260" ind1=" " ind2=" ">
            <subfield code="a">Cambridge ;</subfield>
            <subfield code="a">New York :</subfield>
            <subfield code="b">Cambridge University Press on behalf of the World Health Organization,</subfield>
            <subfield code="c">1987.</subfield>
        </datafield>
        <datafield tag="300" ind1=" " ind2=" ">
            <subfield code="a">286 pages :</subfield>
            <subfield code="b">illustrations ;</subfield>
            <subfield code="c">23 cm.</subfield>
        </datafield>
        <datafield tag="336" ind1=" " ind2=" ">
            <subfield code="a">text</subfield>
            <subfield code="b">txt</subfield>
            <subfield code="2">rdacontent</subfield>
        </datafield>
        <datafield tag="337" ind1=" " ind2=" ">
            <subfield code="a">unmediated</subfield>
            <subfield code="b">n</subfield>
            <subfield code="2">rdamedia</subfield>
        </datafield>
        <datafield tag="338" ind1=" " ind2=" ">
            <subfield code="a">volume</subfield>
            <subfield code="b">nc</subfield>
            <subfield code="2">rdacarrier</subfield>
        </datafield>
        <datafield tag="490" ind1="1" ind2=" ">
            <subfield code="a">WHO food additives series ;</subfield>
            <subfield code="v">20</subfield>
        </datafield>
        <datafield tag="504" ind1=" " ind2=" ">
            <subfield code="a">Includes bibliographical references.</subfield>
        </datafield>
        <datafield tag="590" ind1=" " ind2=" ">
            <subfield code="a">Previously incorrectly classified as RA1270.F6 1985.</subfield>
        </datafield>
        <datafield tag="591" ind1=" " ind2=" ">
            <subfield code="b">NAL Reclamation</subfield>
        </datafield>
        <datafield tag="650" ind1=" " ind2="0">
            <subfield code="a">Food additives</subfield>
            <subfield code="x">Toxicology</subfield>
            <subfield code="v">Congresses.</subfield>
        </datafield>
        <datafield tag="650" ind1=" " ind2="0">
            <subfield code="a">Food contamination</subfield>
            <subfield code="v">Congresses.</subfield>
        </datafield>
        <datafield tag="650" ind1=" " ind2="1">
            <subfield code="a">Food additives</subfield>
            <subfield code="x">adverse effects.</subfield>
        </datafield>
        <datafield tag="650" ind1=" " ind2="1">
            <subfield code="a">Food contamination.</subfield>
        </datafield>
        <datafield tag="650" ind1=" " ind2="2">
            <subfield code="a">Food Additives</subfield>
            <subfield code="x">adverse effects.</subfield>
        </datafield>
        <datafield tag="650" ind1=" " ind2="2">
            <subfield code="a">Food Contamination.</subfield>
        </datafield>
        <datafield tag="655" ind1=" " ind2="7">
            <subfield code="a">Conference papers and proceedings.</subfield>
            <subfield code="2">fast</subfield>
            <subfield code="0">(OCoLC)fst01423772</subfield>
        </datafield>
        <datafield tag="710" ind1="2" ind2=" ">
            <subfield code="a">World Health Organization.</subfield>
        </datafield>
        <datafield tag="710" ind1="2" ind2=" ">
            <subfield code="a">International Program on Chemical Safety.</subfield>
        </datafield>
        <datafield tag="830" ind1=" " ind2="0">
            <subfield code="a">WHO food additives series ;</subfield>
            <subfield code="v">20.</subfield>
        </datafield>
        <datafield tag="852" ind1=" " ind2=" ">
            <subfield code="a">DNAL</subfield>
            <subfield code="i">TX553.A3W48 no.20</subfield>
        </datafield>
        <datafield tag="930" ind1="0" ind2="1">
            <subfield code="a">00000000</subfield>
            <subfield code="b">00000000</subfield>
            <subfield code="c">19890606</subfield>
            <subfield code="e">1 890606</subfield>
            <subfield code="f">0 890606</subfield>
            <subfield code="s">1 890807</subfield>
        </datafield>
        <datafield tag="946" ind1=" " ind2=" ">
            <subfield code="a">Non-US</subfield>
        </datafield>
        <datafield tag="035" ind1=" " ind2=" ">
            <subfield code="a">(Alma)9915431612207426</subfield>
        </datafield>
    </record>