
    <record>
        <leader>01393cam a2200409I  4500</leader>
        <controlfield tag="001">CAT10718251</controlfield>
        <controlfield tag="005">20221101160220.0</controlfield>
        <controlfield tag="008">890523m19169999fr            000 0 fre c</controlfield>
        <datafield tag="010" ind1=" " ind2=" ">
            <subfield code="a">agr19000414 </subfield>
        </datafield>
        <datafield tag="016" ind1="7" ind2=" ">
            <subfield code="a">CAT10718251</subfield>
            <subfield code="2">DNAL</subfield>
        </datafield>
        <datafield tag="035" ind1=" " ind2=" ">
            <subfield code="a">435238</subfield>
        </datafield>
        <datafield tag="035" ind1=" " ind2=" ">
            <subfield code="a">(OCoLC)13994262</subfield>
        </datafield>
        <datafield tag="035" ind1=" " ind2=" ">
            <subfield code="a">(DNAL)435238-naldb-Voyager</subfield>
        </datafield>
        <datafield tag="040" ind1=" " ind2=" ">
            <subfield code="a">Library, U.S. Dept. of Agriculture</subfield>
            <subfield code="b">eng</subfield>
            <subfield code="c">CUY</subfield>
            <subfield code="d">OCL</subfield>
            <subfield code="d">AGL</subfield>
            <subfield code="d">HIN</subfield>
            <subfield code="d">OCLCF</subfield>
            <subfield code="d">OCLCQ</subfield>
            <subfield code="d">OCLCO</subfield>
            <subfield code="d">OCL</subfield>
        </datafield>
        <datafield tag="043" ind1=" " ind2=" ">
            <subfield code="a">e-fr---</subfield>
        </datafield>
        <datafield tag="049" ind1=" " ind2=" ">
            <subfield code="a">RQIB</subfield>
        </datafield>
        <datafield tag="070" ind1="0" ind2=" ">
            <subfield code="a">33.17</subfield>
            <subfield code="b">C39</subfield>
        </datafield>
        <datafield tag="072" ind1=" " ind2=" ">
            <subfield code="a">E100</subfield>
        </datafield>
        <datafield tag="072" ind1=" " ind2=" ">
            <subfield code="a">A000</subfield>
        </datafield>
        <datafield tag="100" ind1="1" ind2=" ">
            <subfield code="a">Chauveau, Claude,</subfield>
            <subfield code="d">1861-1940.</subfield>
            <subfield code="0">http://id.loc.gov/authorities/names/n2009028995</subfield>
        </datafield>
        <datafield tag="245" ind1="1" ind2="3">
            <subfield code="a">La France agricole et la guerre.</subfield>
        </datafield>
        <datafield tag="260" ind1=" " ind2=" ">
            <subfield code="a">Paris,</subfield>
            <subfield code="b">Baillière</subfield>
            <subfield code="c">[1916]-</subfield>
        </datafield>
        <datafield tag="300" ind1=" " ind2=" ">
            <subfield code="a">volumes</subfield>
            <subfield code="c">18 cm</subfield>
        </datafield>
        <datafield tag="336" ind1=" " ind2=" ">
            <subfield code="a">text</subfield>
            <subfield code="b">txt</subfield>
            <subfield code="2">rdacontent</subfield>
        </datafield>
        <datafield tag="337" ind1=" " ind2=" ">
            <subfield code="a">unmediated</subfield>
            <subfield code="b">n</subfield>
            <subfield code="2">rdamedia</subfield>
        </datafield>
        <datafield tag="338" ind1=" " ind2=" ">
            <subfield code="a">volume</subfield>
            <subfield code="b">nc</subfield>
            <subfield code="2">rdacarrier</subfield>
        </datafield>
        <datafield tag="591" ind1=" " ind2=" ">
            <subfield code="b">NAL Reclamation</subfield>
        </datafield>
        <datafield tag="650" ind1=" " ind2="0">
            <subfield code="a">Agriculture</subfield>
            <subfield code="z">France.</subfield>
        </datafield>
        <datafield tag="650" ind1=" " ind2="0">
            <subfield code="a">World War, 1914-1918</subfield>
            <subfield code="x">Economic aspects</subfield>
            <subfield code="z">France.</subfield>
        </datafield>
        <datafield tag="651" ind1=" " ind2="7">
            <subfield code="a">France.</subfield>
            <subfield code="2">fast</subfield>
            <subfield code="0">(OCoLC)fst01204289</subfield>
        </datafield>
        <datafield tag="647" ind1=" " ind2="7">
            <subfield code="a">World War</subfield>
            <subfield code="d">(1914-1918)</subfield>
            <subfield code="2">fast</subfield>
            <subfield code="0">(OCoLC)fst01180746</subfield>
        </datafield>
        <datafield tag="648" ind1=" " ind2="7">
            <subfield code="a">1914-1918</subfield>
            <subfield code="2">fast</subfield>
        </datafield>
        <datafield tag="776" ind1="0" ind2="8">
            <subfield code="i">Online version:</subfield>
            <subfield code="a">Chauveau, Claude, 1861-</subfield>
            <subfield code="t">France agricole et la guerre.</subfield>
            <subfield code="d">Paris, Baillière [1916]-</subfield>
            <subfield code="w">(OCoLC)613155196</subfield>
        </datafield>
        <datafield tag="911" ind1=" " ind2=" ">
            <subfield code="i">chl00004382</subfield>
        </datafield>
        <datafield tag="930" ind1=" " ind2=" ">
            <subfield code="a">00000000</subfield>
            <subfield code="b">00000000</subfield>
            <subfield code="c">00000000</subfield>
        </datafield>
        <datafield tag="946" ind1=" " ind2=" ">
            <subfield code="a">Non-US</subfield>
        </datafield>
        <datafield tag="035" ind1=" " ind2=" ">
            <subfield code="a">(Alma)9915431486107426</subfield>
        </datafield>
    </record>