
    <record>
        <leader>02071cam a2200409Ia 4500</leader>
        <controlfield tag="001">CAT89235660</controlfield>
        <controlfield tag="005">20221101160215.0</controlfield>
        <controlfield tag="008">890903s1960    tnuab    b   s000 0 eng  </controlfield>
        <datafield tag="016" ind1="7" ind2=" ">
            <subfield code="a">CAT89235660</subfield>
            <subfield code="2">DNAL</subfield>
        </datafield>
        <datafield tag="035" ind1=" " ind2=" ">
            <subfield code="a">435779</subfield>
        </datafield>
        <datafield tag="035" ind1=" " ind2=" ">
            <subfield code="a">(OCoLC)10027933</subfield>
        </datafield>
        <datafield tag="035" ind1=" " ind2=" ">
            <subfield code="a">(DNAL)435779-naldb-Voyager</subfield>
        </datafield>
        <datafield tag="040" ind1=" " ind2=" ">
            <subfield code="a">AGL</subfield>
            <subfield code="b">eng</subfield>
            <subfield code="c">AGL</subfield>
            <subfield code="d">OCLCQ</subfield>
            <subfield code="d">OCLCO</subfield>
            <subfield code="d">OCLCA</subfield>
            <subfield code="d">OCLCF</subfield>
            <subfield code="d">OCLCQ</subfield>
            <subfield code="d">OCLCA</subfield>
        </datafield>
        <datafield tag="043" ind1=" " ind2=" ">
            <subfield code="a">n-us-tn</subfield>
        </datafield>
        <datafield tag="049" ind1=" " ind2=" ">
            <subfield code="a">AGLY</subfield>
        </datafield>
        <datafield tag="070" ind1=" " ind2=" ">
            <subfield code="a">100</subfield>
            <subfield code="b">T25S (1) no.312</subfield>
        </datafield>
        <datafield tag="072" ind1=" " ind2=" ">
            <subfield code="a">E100</subfield>
        </datafield>
        <datafield tag="072" ind1=" " ind2=" ">
            <subfield code="a">E500</subfield>
        </datafield>
        <datafield tag="100" ind1="1" ind2=" ">
            <subfield code="a">Henderson, H. A.</subfield>
            <subfield code="q">(Harold Alpheus),</subfield>
            <subfield code="d">1924-</subfield>
        </datafield>
        <datafield tag="245" ind1="1" ind2="0">
            <subfield code="a">Resources and incomes of rural upper east Tennessee people :</subfield>
            <subfield code="b">a progress report of a study of the economic status and opportunities of rural people /</subfield>
            <subfield code="c">H.A. Henderson.</subfield>
        </datafield>
        <datafield tag="260" ind1=" " ind2=" ">
            <subfield code="a">Knoxville :</subfield>
            <subfield code="b">University of Tennessee, Agricultural Experiment Station ;</subfield>
            <subfield code="a">[Washington, D.C.?] :</subfield>
            <subfield code="b">Farm Economics Research Division, Agricultural Research Service, U.S. Dept. of Agriculture,</subfield>
            <subfield code="c">1960.</subfield>
        </datafield>
        <datafield tag="300" ind1=" " ind2=" ">
            <subfield code="a">30 pages :</subfield>
            <subfield code="b">illustrations, 1 map ;</subfield>
            <subfield code="c">23 cm.</subfield>
        </datafield>
        <datafield tag="336" ind1=" " ind2=" ">
            <subfield code="a">text</subfield>
            <subfield code="b">txt</subfield>
            <subfield code="2">rdacontent</subfield>
        </datafield>
        <datafield tag="337" ind1=" " ind2=" ">
            <subfield code="a">unmediated</subfield>
            <subfield code="b">n</subfield>
            <subfield code="2">rdamedia</subfield>
        </datafield>
        <datafield tag="338" ind1=" " ind2=" ">
            <subfield code="a">volume</subfield>
            <subfield code="b">nc</subfield>
            <subfield code="2">rdacarrier</subfield>
        </datafield>
        <datafield tag="490" ind1="1" ind2=" ">
            <subfield code="a">Bulletin / University of Tennessee, Agricultural Experiment Station ;</subfield>
            <subfield code="v">312</subfield>
        </datafield>
        <datafield tag="504" ind1=" " ind2=" ">
            <subfield code="a">Includes bibliographical references.</subfield>
        </datafield>
        <datafield tag="591" ind1=" " ind2=" ">
            <subfield code="b">NAL Reclamation</subfield>
        </datafield>
        <datafield tag="650" ind1=" " ind2="0">
            <subfield code="a">Farmers</subfield>
            <subfield code="z">Tennessee</subfield>
            <subfield code="x">Economic conditions.</subfield>
        </datafield>
        <datafield tag="651" ind1=" " ind2="0">
            <subfield code="a">Tennessee</subfield>
            <subfield code="x">Rural conditions.</subfield>
        </datafield>
        <datafield tag="651" ind1=" " ind2="7">
            <subfield code="a">Tennessee.</subfield>
            <subfield code="2">fast</subfield>
            <subfield code="0">(OCoLC)fst01205353</subfield>
        </datafield>
        <datafield tag="776" ind1="0" ind2="8">
            <subfield code="i">Online version:</subfield>
            <subfield code="a">Henderson, H.A. (Harold Alpheus), 1924-</subfield>
            <subfield code="t">Resources and incomes of rural upper east Tennessee people.</subfield>
            <subfield code="d">Knoxville : University of Tennessee, Agricultural Experiment Station ; [Washington, D.C.?] : Farm Economics Research Division, Agricultural Research Service, U.S. Dept. of Agriculture, 1960</subfield>
            <subfield code="w">(OCoLC)762397514</subfield>
        </datafield>
        <datafield tag="830" ind1=" " ind2="0">
            <subfield code="a">Bulletin (University of Tennessee (Knoxville campus). Agricultural Experiment Station) ;</subfield>
            <subfield code="v">312.</subfield>
        </datafield>
        <datafield tag="852" ind1=" " ind2=" ">
            <subfield code="a">DNAL</subfield>
            <subfield code="i">100 T25S (1) no.312</subfield>
        </datafield>
        <datafield tag="930" ind1="0" ind2="1">
            <subfield code="a">00000000</subfield>
            <subfield code="b">00000000</subfield>
            <subfield code="c">19890612</subfield>
            <subfield code="e">1 890612</subfield>
            <subfield code="f">0 890612</subfield>
            <subfield code="s">1 890807</subfield>
        </datafield>
        <datafield tag="946" ind1=" " ind2=" ">
            <subfield code="a">State experiment station</subfield>
        </datafield>
        <datafield tag="035" ind1=" " ind2=" ">
            <subfield code="a">(Alma)9915431485807426</subfield>
        </datafield>
    </record>