
    <record>
        <leader>01782cam a2200385Ia 4500</leader>
        <controlfield tag="001">CAT89235753</controlfield>
        <controlfield tag="005">20221101160210.0</controlfield>
        <controlfield tag="008">890901s1934    tnua     b   s000 0 eng d</controlfield>
        <datafield tag="016" ind1="7" ind2=" ">
            <subfield code="a">CAT89235753</subfield>
            <subfield code="2">DNAL</subfield>
        </datafield>
        <datafield tag="035" ind1=" " ind2=" ">
            <subfield code="a">435990</subfield>
        </datafield>
        <datafield tag="035" ind1=" " ind2=" ">
            <subfield code="a">(OCoLC)19782819</subfield>
        </datafield>
        <datafield tag="035" ind1=" " ind2=" ">
            <subfield code="a">(DNAL)435990-naldb-Voyager</subfield>
        </datafield>
        <datafield tag="040" ind1=" " ind2=" ">
            <subfield code="a">RQF</subfield>
            <subfield code="b">eng</subfield>
            <subfield code="c">RQF</subfield>
            <subfield code="d">AGL</subfield>
            <subfield code="d">OCLCQ</subfield>
            <subfield code="d">OCLCF</subfield>
            <subfield code="d">OCLCQ</subfield>
            <subfield code="d">OCLCO</subfield>
            <subfield code="d">OCLCA</subfield>
        </datafield>
        <datafield tag="043" ind1=" " ind2=" ">
            <subfield code="a">n-us-tn</subfield>
        </datafield>
        <datafield tag="049" ind1=" " ind2=" ">
            <subfield code="a">AGLY</subfield>
        </datafield>
        <datafield tag="070" ind1="0" ind2=" ">
            <subfield code="a">100</subfield>
            <subfield code="b">T25S (1) no.152</subfield>
        </datafield>
        <datafield tag="072" ind1=" " ind2=" ">
            <subfield code="a">J500</subfield>
        </datafield>
        <datafield tag="245" ind1="0" ind2="4">
            <subfield code="a">The Conservation of burnt lime, limestone, dolomite, and calcium silicate in soil as influenced by methods of incorporation /</subfield>
            <subfield code="c">by W.H. MacIntire [and others].</subfield>
        </datafield>
        <datafield tag="260" ind1=" " ind2=" ">
            <subfield code="a">Knoxville :</subfield>
            <subfield code="b">University of Tennessee, Agricultural Experiment Station,</subfield>
            <subfield code="c">1934.</subfield>
        </datafield>
        <datafield tag="300" ind1=" " ind2=" ">
            <subfield code="a">52 pages :</subfield>
            <subfield code="b">illustrations ;</subfield>
            <subfield code="c">23 cm.</subfield>
        </datafield>
        <datafield tag="336" ind1=" " ind2=" ">
            <subfield code="a">text</subfield>
            <subfield code="b">txt</subfield>
            <subfield code="2">rdacontent</subfield>
        </datafield>
        <datafield tag="337" ind1=" " ind2=" ">
            <subfield code="a">unmediated</subfield>
            <subfield code="b">n</subfield>
            <subfield code="2">rdamedia</subfield>
        </datafield>
        <datafield tag="338" ind1=" " ind2=" ">
            <subfield code="a">volume</subfield>
            <subfield code="b">nc</subfield>
            <subfield code="2">rdacarrier</subfield>
        </datafield>
        <datafield tag="490" ind1="1" ind2=" ">
            <subfield code="a">Bulletin / Agricultural Experiment Station, University of Tennessee ;</subfield>
            <subfield code="v">no. 152</subfield>
        </datafield>
        <datafield tag="504" ind1=" " ind2=" ">
            <subfield code="a">Includes bibliographical references (pages 50-52).</subfield>
        </datafield>
        <datafield tag="591" ind1=" " ind2=" ">
            <subfield code="b">NAL Reclamation</subfield>
        </datafield>
        <datafield tag="650" ind1=" " ind2="0">
            <subfield code="a">Liming of soils</subfield>
            <subfield code="z">Tennessee.</subfield>
        </datafield>
        <datafield tag="651" ind1=" " ind2="7">
            <subfield code="a">Tennessee.</subfield>
            <subfield code="2">fast</subfield>
            <subfield code="0">(OCoLC)fst01205353</subfield>
        </datafield>
        <datafield tag="700" ind1="1" ind2=" ">
            <subfield code="a">MacIntire, W. H.</subfield>
            <subfield code="q">(Walter Hoge),</subfield>
            <subfield code="d">1885-</subfield>
        </datafield>
        <datafield tag="776" ind1="0" ind2="8">
            <subfield code="i">Online version:</subfield>
            <subfield code="t">Conservation of burnt lime, limestone, dolomite, and calcium silicate in soil as influenced by methods of incorporation.</subfield>
            <subfield code="d">Knoxville : University of Tennessee, Agricultural Experiment Station, 1934</subfield>
            <subfield code="w">(OCoLC)763148376</subfield>
        </datafield>
        <datafield tag="830" ind1=" " ind2="0">
            <subfield code="a">Bulletin (University of Tennessee (Knoxville campus). Agricultural Experiment Station) ;</subfield>
            <subfield code="v">no. 152.</subfield>
        </datafield>
        <datafield tag="852" ind1=" " ind2=" ">
            <subfield code="a">DNAL</subfield>
            <subfield code="i">100 T25S (1) no.152</subfield>
        </datafield>
        <datafield tag="930" ind1="0" ind2="1">
            <subfield code="a">00000000</subfield>
            <subfield code="b">00000000</subfield>
            <subfield code="c">19890612</subfield>
            <subfield code="e">1 890612</subfield>
            <subfield code="f">0 890612</subfield>
            <subfield code="s">1 890807</subfield>
        </datafield>
        <datafield tag="946" ind1=" " ind2=" ">
            <subfield code="a">State experiment station</subfield>
        </datafield>
        <datafield tag="035" ind1=" " ind2=" ">
            <subfield code="a">(Alma)9915431485307426</subfield>
        </datafield>
    </record>