
    <record>
        <leader>01705cas a2200505 a 4500</leader>
        <controlfield tag="001">CAT89899674</controlfield>
        <controlfield tag="005">20221101160222.0</controlfield>
        <controlfield tag="008">890901d19821990kyumr p       0   a0eng d</controlfield>
        <datafield tag="010" ind1=" " ind2=" ">
            <subfield code="a">sn 82004682 </subfield>
        </datafield>
        <datafield tag="016" ind1="7" ind2=" ">
            <subfield code="a">CAT89899674</subfield>
            <subfield code="2">DNAL</subfield>
        </datafield>
        <datafield tag="016" ind1="7" ind2=" ">
            <subfield code="a">01154130X</subfield>
            <subfield code="2">DE-101</subfield>
        </datafield>
        <datafield tag="016" ind1="7" ind2=" ">
            <subfield code="a">255157-3</subfield>
            <subfield code="2">DE-600</subfield>
        </datafield>
        <datafield tag="016" ind1="7" ind2=" ">
            <subfield code="a">101121507</subfield>
            <subfield code="2">DNLM</subfield>
        </datafield>
        <datafield tag="022" ind1="0" ind2=" ">
            <subfield code="a">0733-1339</subfield>
            <subfield code="l">0733-1339</subfield>
            <subfield code="2">1</subfield>
        </datafield>
        <datafield tag="035" ind1=" " ind2=" ">
            <subfield code="a">435366</subfield>
        </datafield>
        <datafield tag="035" ind1=" " ind2=" ">
            <subfield code="a">(OCoLC)08535250</subfield>
        </datafield>
        <datafield tag="035" ind1=" " ind2=" ">
            <subfield code="a">(DNAL)435366-naldb-Voyager</subfield>
        </datafield>
        <datafield tag="040" ind1=" " ind2=" ">
            <subfield code="a">NSD</subfield>
            <subfield code="b">eng</subfield>
            <subfield code="c">NSD</subfield>
            <subfield code="d">AGL</subfield>
            <subfield code="d">NSD</subfield>
            <subfield code="d">OCLCQ</subfield>
            <subfield code="d">NLM</subfield>
            <subfield code="d">OCLCQ</subfield>
            <subfield code="d">GBVCP</subfield>
            <subfield code="d">OCLCF</subfield>
            <subfield code="d">OCLCO</subfield>
            <subfield code="d">OCLCQ</subfield>
        </datafield>
        <datafield tag="042" ind1=" " ind2=" ">
            <subfield code="a">nsdp</subfield>
        </datafield>
        <datafield tag="043" ind1=" " ind2=" ">
            <subfield code="a">n-us---</subfield>
        </datafield>
        <datafield tag="049" ind1=" " ind2=" ">
            <subfield code="a">AGLL</subfield>
        </datafield>
        <datafield tag="070" ind1="0" ind2=" ">
            <subfield code="a">HD9434.U5H6</subfield>
        </datafield>
        <datafield tag="072" ind1=" " ind2=" ">
            <subfield code="a">L100</subfield>
        </datafield>
        <datafield tag="210" ind1="0" ind2=" ">
            <subfield code="a">Horse dig.</subfield>
        </datafield>
        <datafield tag="222" ind1=" " ind2="4">
            <subfield code="a">The Horse digest</subfield>
        </datafield>
        <datafield tag="245" ind1="0" ind2="4">
            <subfield code="a">The Horse digest :</subfield>
            <subfield code="b">journal of the U.S. Horse industry.</subfield>
        </datafield>
        <datafield tag="260" ind1=" " ind2=" ">
            <subfield code="a">Gaithersburg, MD :</subfield>
            <subfield code="b">Fleet Street Corp.,</subfield>
            <subfield code="c">©1982-©1990.</subfield>
        </datafield>
        <datafield tag="300" ind1=" " ind2=" ">
            <subfield code="a">9 volumes :</subfield>
            <subfield code="b">illustrations ;</subfield>
            <subfield code="c">28 cm</subfield>
        </datafield>
        <datafield tag="310" ind1=" " ind2=" ">
            <subfield code="a">Monthly</subfield>
        </datafield>
        <datafield tag="336" ind1=" " ind2=" ">
            <subfield code="a">text</subfield>
            <subfield code="b">txt</subfield>
            <subfield code="2">rdacontent</subfield>
        </datafield>
        <datafield tag="337" ind1=" " ind2=" ">
            <subfield code="a">unmediated</subfield>
            <subfield code="b">n</subfield>
            <subfield code="2">rdamedia</subfield>
        </datafield>
        <datafield tag="338" ind1=" " ind2=" ">
            <subfield code="a">volume</subfield>
            <subfield code="b">nc</subfield>
            <subfield code="2">rdacarrier</subfield>
        </datafield>
        <datafield tag="362" ind1="0" ind2=" ">
            <subfield code="a">Vol. 1, no. 1 (July 1982)-v.9, no. 8 (Aug. 1990).</subfield>
        </datafield>
        <datafield tag="591" ind1=" " ind2=" ">
            <subfield code="b">NAL Reclamation</subfield>
        </datafield>
        <datafield tag="650" ind1=" " ind2="0">
            <subfield code="a">Horse industry</subfield>
            <subfield code="z">United States</subfield>
            <subfield code="v">Periodicals.</subfield>
        </datafield>
        <datafield tag="650" ind1=" " ind2="0">
            <subfield code="a">Horses</subfield>
            <subfield code="z">United States</subfield>
            <subfield code="v">Periodicals.</subfield>
        </datafield>
        <datafield tag="651" ind1=" " ind2="7">
            <subfield code="a">United States.</subfield>
            <subfield code="2">fast</subfield>
            <subfield code="0">(OCoLC)fst01204155</subfield>
        </datafield>
        <datafield tag="655" ind1=" " ind2="7">
            <subfield code="a">Periodicals.</subfield>
            <subfield code="2">fast</subfield>
            <subfield code="0">(OCoLC)fst01411641</subfield>
        </datafield>
        <datafield tag="710" ind1="2" ind2=" ">
            <subfield code="a">Equine Excellence Management Group.</subfield>
            <subfield code="0">http://id.loc.gov/authorities/names/n89625314</subfield>
        </datafield>
        <datafield tag="785" ind1="0" ind2="0">
            <subfield code="t">International horse digest</subfield>
            <subfield code="x">1062-4201</subfield>
            <subfield code="w">(DLC)sn 91016242</subfield>
            <subfield code="w">(OCoLC)23293111</subfield>
        </datafield>
        <datafield tag="850" ind1=" " ind2=" ">
            <subfield code="a">DNAL</subfield>
        </datafield>
        <datafield tag="852" ind1=" " ind2=" ">
            <subfield code="a">DNAL</subfield>
            <subfield code="i">HD9434.U5H6</subfield>
        </datafield>
        <datafield tag="930" ind1=" " ind2=" ">
            <subfield code="a">00000000</subfield>
            <subfield code="b">00000000</subfield>
            <subfield code="c">00000000</subfield>
        </datafield>
        <datafield tag="946" ind1=" " ind2=" ">
            <subfield code="a">Other US</subfield>
        </datafield>
        <datafield tag="035" ind1=" " ind2=" ">
            <subfield code="a">(Alma)9915431484807426</subfield>
        </datafield>
    </record>