
    <record>
        <leader>01848cam a2200553 a 4500</leader>
        <controlfield tag="001">CAT89907937</controlfield>
        <controlfield tag="005">20221101160216.0</controlfield>
        <controlfield tag="008">890905s1988    enk      b    000 0 eng  </controlfield>
        <datafield tag="016" ind1="7" ind2=" ">
            <subfield code="a">CAT89907937</subfield>
            <subfield code="2">DNAL</subfield>
        </datafield>
        <datafield tag="016" ind1="7" ind2=" ">
            <subfield code="a">8912595</subfield>
            <subfield code="2">DNLM</subfield>
        </datafield>
        <datafield tag="020" ind1=" " ind2=" ">
            <subfield code="a">9780935859553</subfield>
            <subfield code="q">(Stockton Press)</subfield>
        </datafield>
        <datafield tag="020" ind1=" " ind2=" ">
            <subfield code="a">0935859551</subfield>
            <subfield code="q">(Stockton Press)</subfield>
        </datafield>
        <datafield tag="020" ind1=" " ind2=" ">
            <subfield code="a">0333490118</subfield>
        </datafield>
        <datafield tag="020" ind1=" " ind2=" ">
            <subfield code="a">9780333490112</subfield>
        </datafield>
        <datafield tag="035" ind1=" " ind2=" ">
            <subfield code="a">435692</subfield>
        </datafield>
        <datafield tag="035" ind1=" " ind2=" ">
            <subfield code="a">(OCoLC)20172188</subfield>
            <subfield code="z">(OCoLC)18625673</subfield>
        </datafield>
        <datafield tag="035" ind1=" " ind2=" ">
            <subfield code="a">(DNAL)435692-naldb-Voyager</subfield>
        </datafield>
        <datafield tag="035" ind1=" " ind2=" ">
            <subfield code="z">(OCoLC)18625673</subfield>
        </datafield>
        <datafield tag="040" ind1=" " ind2=" ">
            <subfield code="a">NLM</subfield>
            <subfield code="b">eng</subfield>
            <subfield code="c">NLM</subfield>
            <subfield code="d">UKM</subfield>
            <subfield code="d">BAKER</subfield>
            <subfield code="d">CGC</subfield>
            <subfield code="d">YDXCP</subfield>
            <subfield code="d">AU@</subfield>
            <subfield code="d">BDX</subfield>
            <subfield code="d">GBVCP</subfield>
            <subfield code="d">OCLCF</subfield>
            <subfield code="d">OCLCQ</subfield>
            <subfield code="d">OCLCA</subfield>
            <subfield code="d">AGL</subfield>
        </datafield>
        <datafield tag="043" ind1=" " ind2=" ">
            <subfield code="a">a-kr---</subfield>
            <subfield code="a">a-si---</subfield>
            <subfield code="a">a-ch---</subfield>
        </datafield>
        <datafield tag="049" ind1=" " ind2=" ">
            <subfield code="a">AGLL</subfield>
        </datafield>
        <datafield tag="070" ind1="0" ind2=" ">
            <subfield code="a">TP248.195.E18Y8</subfield>
        </datafield>
        <datafield tag="072" ind1=" " ind2=" ">
            <subfield code="a">X300</subfield>
        </datafield>
        <datafield tag="072" ind1=" " ind2=" ">
            <subfield code="a">X600</subfield>
        </datafield>
        <datafield tag="072" ind1=" " ind2=" ">
            <subfield code="a">X380</subfield>
        </datafield>
        <datafield tag="100" ind1="1" ind2=" ">
            <subfield code="a">Yuan, Robert T.</subfield>
        </datafield>
        <datafield tag="245" ind1="1" ind2="0">
            <subfield code="a">Biotechnology in Singapore, South Korea, and Taiwan /</subfield>
            <subfield code="c">Robert T. Yuan.</subfield>
        </datafield>
        <datafield tag="260" ind1=" " ind2=" ">
            <subfield code="a">[London?] :</subfield>
            <subfield code="b">Macmillan Publishers ;</subfield>
            <subfield code="a">New York, NY :</subfield>
            <subfield code="b">Published in the U.S. and Canada by Stockton Press,</subfield>
            <subfield code="c">1988.</subfield>
        </datafield>
        <datafield tag="300" ind1=" " ind2=" ">
            <subfield code="a">x, 168 pages</subfield>
        </datafield>
        <datafield tag="336" ind1=" " ind2=" ">
            <subfield code="a">text</subfield>
            <subfield code="b">txt</subfield>
            <subfield code="2">rdacontent</subfield>
        </datafield>
        <datafield tag="337" ind1=" " ind2=" ">
            <subfield code="a">unmediated</subfield>
            <subfield code="b">n</subfield>
            <subfield code="2">rdamedia</subfield>
        </datafield>
        <datafield tag="338" ind1=" " ind2=" ">
            <subfield code="a">volume</subfield>
            <subfield code="b">nc</subfield>
            <subfield code="2">rdacarrier</subfield>
        </datafield>
        <datafield tag="504" ind1=" " ind2=" ">
            <subfield code="a">Includes bibliographical references.</subfield>
        </datafield>
        <datafield tag="591" ind1=" " ind2=" ">
            <subfield code="b">NAL Reclamation</subfield>
        </datafield>
        <datafield tag="650" ind1=" " ind2="0">
            <subfield code="a">Biotechnology</subfield>
            <subfield code="x">Research</subfield>
            <subfield code="z">Singapore.</subfield>
        </datafield>
        <datafield tag="650" ind1=" " ind2="0">
            <subfield code="a">Biotechnology</subfield>
            <subfield code="x">Research</subfield>
            <subfield code="z">Korea (South).</subfield>
        </datafield>
        <datafield tag="650" ind1=" " ind2="0">
            <subfield code="a">Biotechnology</subfield>
            <subfield code="x">Research</subfield>
            <subfield code="z">Taiwan.</subfield>
        </datafield>
        <datafield tag="650" ind1=" " ind2="2">
            <subfield code="a">Biotechnology.</subfield>
        </datafield>
        <datafield tag="650" ind1=" " ind2="2">
            <subfield code="a">Research.</subfield>
        </datafield>
        <datafield tag="651" ind1=" " ind2="2">
            <subfield code="a">Korea.</subfield>
        </datafield>
        <datafield tag="651" ind1=" " ind2="2">
            <subfield code="a">Singapore.</subfield>
        </datafield>
        <datafield tag="651" ind1=" " ind2="2">
            <subfield code="a">Taiwan.</subfield>
        </datafield>
        <datafield tag="651" ind1=" " ind2="7">
            <subfield code="a">Korea (South)</subfield>
            <subfield code="2">fast</subfield>
            <subfield code="0">(OCoLC)fst01206791</subfield>
        </datafield>
        <datafield tag="651" ind1=" " ind2="7">
            <subfield code="a">Singapore.</subfield>
            <subfield code="2">fast</subfield>
            <subfield code="0">(OCoLC)fst01205288</subfield>
        </datafield>
        <datafield tag="651" ind1=" " ind2="7">
            <subfield code="a">Taiwan.</subfield>
            <subfield code="2">fast</subfield>
            <subfield code="0">(OCoLC)fst01207854</subfield>
        </datafield>
        <datafield tag="852" ind1=" " ind2=" ">
            <subfield code="a">DNAL</subfield>
            <subfield code="i">TP248.195.E18Y8</subfield>
        </datafield>
        <datafield tag="930" ind1="0" ind2="1">
            <subfield code="a">00000000</subfield>
            <subfield code="b">00000000</subfield>
            <subfield code="c">19890612</subfield>
            <subfield code="e">1 890612</subfield>
            <subfield code="f">0 890612</subfield>
            <subfield code="s">1 890807</subfield>
        </datafield>
        <datafield tag="946" ind1=" " ind2=" ">
            <subfield code="a">Non-US</subfield>
        </datafield>
        <datafield tag="035" ind1=" " ind2=" ">
            <subfield code="a">(Alma)9915431477707426</subfield>
        </datafield>
    </record>