
    <record>
        <leader>01475nas a2200409 a 4500</leader>
        <controlfield tag="001">CAT89891092</controlfield>
        <controlfield tag="005">20221101160133.0</controlfield>
        <controlfield tag="008">910922d19711978enkmr2p       0uuua0engmd</controlfield>
        <datafield tag="010" ind1=" " ind2=" ">
            <subfield code="a">   76613007     //r88</subfield>
        </datafield>
        <datafield tag="016" ind1="7" ind2=" ">
            <subfield code="a">CAT89891092</subfield>
            <subfield code="2">DNAL</subfield>
        </datafield>
        <datafield tag="022" ind1=" " ind2=" ">
            <subfield code="a">0375-9210</subfield>
        </datafield>
        <datafield tag="030" ind1=" " ind2=" ">
            <subfield code="a">JACBBD</subfield>
        </datafield>
        <datafield tag="035" ind1=" " ind2=" ">
            <subfield code="a">(OCoLC)ocm01799931 930607</subfield>
        </datafield>
        <datafield tag="035" ind1=" " ind2=" ">
            <subfield code="a">(DNAL)435282-naldb-Voyager</subfield>
        </datafield>
        <datafield tag="040" ind1=" " ind2=" ">
            <subfield code="a">DLC</subfield>
            <subfield code="c">DLC</subfield>
            <subfield code="d">NSD</subfield>
            <subfield code="d">DLC</subfield>
            <subfield code="d">OCL</subfield>
            <subfield code="d">DLC</subfield>
            <subfield code="d">m.c.</subfield>
            <subfield code="d">NST</subfield>
            <subfield code="d">RCS</subfield>
            <subfield code="d">NST</subfield>
            <subfield code="d">NSD</subfield>
            <subfield code="d">AIP</subfield>
            <subfield code="d">NST</subfield>
            <subfield code="d">OCL</subfield>
            <subfield code="d">NSD</subfield>
            <subfield code="d">NST</subfield>
            <subfield code="d">DLC</subfield>
            <subfield code="d">AGL</subfield>
        </datafield>
        <datafield tag="042" ind1=" " ind2=" ">
            <subfield code="a">lc</subfield>
            <subfield code="a">nsdp</subfield>
        </datafield>
        <datafield tag="049" ind1=" " ind2=" ">
            <subfield code="a">AGLL</subfield>
        </datafield>
        <datafield tag="070" ind1="0" ind2=" ">
            <subfield code="a">382</subfield>
            <subfield code="b">J82</subfield>
        </datafield>
        <datafield tag="072" ind1=" " ind2=" ">
            <subfield code="a">X600</subfield>
        </datafield>
        <datafield tag="210" ind1="1" ind2=" ">
            <subfield code="a">J. appl. chem. biotechnol.</subfield>
        </datafield>
        <datafield tag="222" ind1="0" ind2="0">
            <subfield code="a">Journal of applied chemistry and biotechnology</subfield>
        </datafield>
        <datafield tag="245" ind1="0" ind2="0">
            <subfield code="a">Journal of applied chemistry &amp; biotechnology.</subfield>
        </datafield>
        <datafield tag="260" ind1="0" ind2="0">
            <subfield code="a">London :</subfield>
            <subfield code="b">Society of Chemical Industry,</subfield>
            <subfield code="c">1971-1978.</subfield>
        </datafield>
        <datafield tag="300" ind1=" " ind2=" ">
            <subfield code="a">8 v. :</subfield>
            <subfield code="b">ill. ;</subfield>
            <subfield code="c">26-30 cm.</subfield>
        </datafield>
        <datafield tag="362" ind1="0" ind2=" ">
            <subfield code="a">Vol. 21, no. 1 (Jan. 1971)-v. 28, no. 12 (Dec. 1978).</subfield>
        </datafield>
        <datafield tag="500" ind1=" " ind2=" ">
            <subfield code="a">Title from cover.</subfield>
        </datafield>
        <datafield tag="650" ind1=" " ind2="0">
            <subfield code="a">Chemistry, Technical</subfield>
            <subfield code="v">Periodicals.</subfield>
        </datafield>
        <datafield tag="650" ind1=" " ind2="0">
            <subfield code="a">Chemical engineering</subfield>
            <subfield code="v">Periodicals.</subfield>
        </datafield>
        <datafield tag="650" ind1=" " ind2="0">
            <subfield code="a">Biotechnology</subfield>
            <subfield code="v">Periodicals.</subfield>
        </datafield>
        <datafield tag="710" ind1="2" ind2="0">
            <subfield code="a">Society of Chemical Industry (Great Britain)</subfield>
        </datafield>
        <datafield tag="780" ind1="0" ind2="0">
            <subfield code="t">Journal of applied chemistry</subfield>
            <subfield code="x">0021-8871</subfield>
            <subfield code="w">(DLC)sn 86010046</subfield>
            <subfield code="w">(OCoLC)1775313</subfield>
        </datafield>
        <datafield tag="785" ind1="0" ind2="0">
            <subfield code="t">Journal of chemical technology and biotechnology</subfield>
            <subfield code="x">0142-0356</subfield>
            <subfield code="w">(DLC) 79645414</subfield>
            <subfield code="w">(OCoLC)4742568</subfield>
        </datafield>
        <datafield tag="852" ind1=" " ind2=" ">
            <subfield code="a">DNAL</subfield>
            <subfield code="i">382 J82</subfield>
        </datafield>
        <datafield tag="930" ind1=" " ind2=" ">
            <subfield code="a">00000000</subfield>
            <subfield code="b">00000000</subfield>
            <subfield code="c">00000000</subfield>
        </datafield>
        <datafield tag="946" ind1=" " ind2=" ">
            <subfield code="a">Non-US</subfield>
        </datafield>
        <datafield tag="035" ind1=" " ind2=" ">
            <subfield code="a">(Alma)9915431469607426</subfield>
        </datafield>
    </record>