
    <record>
        <leader>02796cam a22005291i 4500</leader>
        <controlfield tag="001">CAT11034612</controlfield>
        <controlfield tag="005">20221101160134.0</controlfield>
        <controlfield tag="008">890530s1959    vaua     b    000 0 eng  </controlfield>
        <datafield tag="010" ind1=" " ind2=" ">
            <subfield code="a">   60062950 </subfield>
        </datafield>
        <datafield tag="016" ind1="7" ind2=" ">
            <subfield code="a">CAT11034612</subfield>
            <subfield code="2">DNAL</subfield>
        </datafield>
        <datafield tag="016" ind1="7" ind2=" ">
            <subfield code="a">57620480R</subfield>
            <subfield code="2">DNLM</subfield>
        </datafield>
        <datafield tag="016" ind1="7" ind2=" ">
            <subfield code="a">005358866</subfield>
            <subfield code="2">Uk</subfield>
        </datafield>
        <datafield tag="016" ind1=" " ind2=" ">
            <subfield code="a">(AMICUS)000006203457</subfield>
        </datafield>
        <datafield tag="016" ind1="7" ind2=" ">
            <subfield code="a">010887764</subfield>
            <subfield code="2">Uk</subfield>
        </datafield>
        <datafield tag="024" ind1="8" ind2=" ">
            <subfield code="a">x281079802</subfield>
        </datafield>
        <datafield tag="035" ind1=" " ind2=" ">
            <subfield code="a">435569</subfield>
        </datafield>
        <datafield tag="035" ind1=" " ind2=" ">
            <subfield code="a">(OCoLC)01579168</subfield>
            <subfield code="z">(OCoLC)248095836</subfield>
            <subfield code="z">(OCoLC)279779574</subfield>
            <subfield code="z">(OCoLC)498791479</subfield>
            <subfield code="z">(OCoLC)966388206</subfield>
            <subfield code="z">(OCoLC)1032987518</subfield>
            <subfield code="z">(OCoLC)1152733929</subfield>
            <subfield code="z">(OCoLC)1166052585</subfield>
            <subfield code="z">(OCoLC)1167121140</subfield>
            <subfield code="z">(OCoLC)1170649831</subfield>
            <subfield code="z">(OCoLC)1229251771</subfield>
            <subfield code="z">(OCoLC)1255836251</subfield>
            <subfield code="z">(OCoLC)1275860963</subfield>
        </datafield>
        <datafield tag="035" ind1=" " ind2=" ">
            <subfield code="a">(DNAL)435569-naldb-Voyager</subfield>
        </datafield>
        <datafield tag="035" ind1=" " ind2=" ">
            <subfield code="z">(OCoLC)248095836</subfield>
            <subfield code="z">(OCoLC)279779574</subfield>
            <subfield code="z">(OCoLC)498791479</subfield>
            <subfield code="z">(OCoLC)966388206</subfield>
            <subfield code="z">(OCoLC)1032987518</subfield>
            <subfield code="z">(OCoLC)1152733929</subfield>
            <subfield code="z">(OCoLC)1166052585</subfield>
            <subfield code="z">(OCoLC)1167121140</subfield>
            <subfield code="z">(OCoLC)1170649831</subfield>
            <subfield code="z">(OCoLC)1229251771</subfield>
            <subfield code="z">(OCoLC)1255836251</subfield>
            <subfield code="z">(OCoLC)1275860963</subfield>
        </datafield>
        <datafield tag="040" ind1=" " ind2=" ">
            <subfield code="a">NLM</subfield>
            <subfield code="b">eng</subfield>
            <subfield code="c">NLM</subfield>
            <subfield code="d">WRJ</subfield>
            <subfield code="d">DLC</subfield>
            <subfield code="d">OCLCQ</subfield>
            <subfield code="d">AGL</subfield>
            <subfield code="d">BTCTA</subfield>
            <subfield code="d">YBM</subfield>
            <subfield code="d">IOQ</subfield>
            <subfield code="d">OCLCQ</subfield>
            <subfield code="d">UZ0</subfield>
            <subfield code="d">UKMGB</subfield>
            <subfield code="d">ISU</subfield>
            <subfield code="d">OCLCQ</subfield>
            <subfield code="d">VAMVE</subfield>
            <subfield code="d">WAU</subfield>
            <subfield code="d">OCLCF</subfield>
            <subfield code="d">OCLCQ</subfield>
            <subfield code="d">NLC</subfield>
            <subfield code="d">OCLCQ</subfield>
            <subfield code="d">QE2</subfield>
            <subfield code="d">EUX</subfield>
            <subfield code="d">OCLCQ</subfield>
            <subfield code="d">LUN</subfield>
        </datafield>
        <datafield tag="049" ind1=" " ind2=" ">
            <subfield code="a">RQIB</subfield>
        </datafield>
        <datafield tag="070" ind1="0" ind2=" ">
            <subfield code="a">302</subfield>
            <subfield code="b">B27</subfield>
        </datafield>
        <datafield tag="072" ind1=" " ind2=" ">
            <subfield code="a">K530</subfield>
        </datafield>
        <datafield tag="072" ind1=" " ind2=" ">
            <subfield code="a">F850</subfield>
        </datafield>
        <datafield tag="072" ind1=" " ind2=" ">
            <subfield code="a">X200</subfield>
        </datafield>
        <datafield tag="100" ind1="1" ind2=" ">
            <subfield code="a">Barrow, W. J.</subfield>
            <subfield code="q">(William James),</subfield>
            <subfield code="d">1904-1967.</subfield>
            <subfield code="0">http://id.loc.gov/authorities/names/n85215914</subfield>
        </datafield>
        <datafield tag="245" ind1="1" ind2="0">
            <subfield code="a">Deterioration of book stock :</subfield>
            <subfield code="b">causes and remedies : two studies on the permanence of book paper /</subfield>
            <subfield code="c">conducted by W.J. Barrow ; ed. by Randolph W. Church.</subfield>
        </datafield>
        <datafield tag="260" ind1=" " ind2=" ">
            <subfield code="a">Richmond :</subfield>
            <subfield code="b">Virginia State Library,</subfield>
            <subfield code="c">1959.</subfield>
        </datafield>
        <datafield tag="300" ind1=" " ind2=" ">
            <subfield code="a">70 pages :</subfield>
            <subfield code="b">illustrations ;</subfield>
            <subfield code="c">24 cm.</subfield>
        </datafield>
        <datafield tag="336" ind1=" " ind2=" ">
            <subfield code="a">text</subfield>
            <subfield code="b">txt</subfield>
            <subfield code="2">rdacontent</subfield>
        </datafield>
        <datafield tag="337" ind1=" " ind2=" ">
            <subfield code="a">unmediated</subfield>
            <subfield code="b">n</subfield>
            <subfield code="2">rdamedia</subfield>
        </datafield>
        <datafield tag="338" ind1=" " ind2=" ">
            <subfield code="a">volume</subfield>
            <subfield code="b">nc</subfield>
            <subfield code="2">rdacarrier</subfield>
        </datafield>
        <datafield tag="490" ind1="1" ind2=" ">
            <subfield code="a">Virginia State Library publications ;</subfield>
            <subfield code="v">no. 10</subfield>
        </datafield>
        <datafield tag="505" ind1="0" ind2=" ">
            <subfield code="a">Introduction -- Physical strength of non-fiction book papers, 1900-1949, Study 1 -- Tables, figure and lists for Study 1 -- Stabilization of modern book papers, Study 2 -- Tables and figures for Study 2 -- Work in progress.</subfield>
        </datafield>
        <datafield tag="504" ind1=" " ind2=" ">
            <subfield code="a">Includes bibliographical references (pages 69-70).</subfield>
        </datafield>
        <datafield tag="540" ind1=" " ind2=" ">
            <subfield code="a">Current Copyright Fee: GBP22.50</subfield>
            <subfield code="c">0.</subfield>
            <subfield code="5">Uk</subfield>
        </datafield>
        <datafield tag="591" ind1=" " ind2=" ">
            <subfield code="b">NAL Reclamation</subfield>
        </datafield>
        <datafield tag="650" ind1=" " ind2="0">
            <subfield code="a">Paper</subfield>
            <subfield code="x">Deterioration.</subfield>
            <subfield code="0">http://id.loc.gov/authorities/subjects/sh85097579</subfield>
        </datafield>
        <datafield tag="650" ind1=" " ind2="0">
            <subfield code="a">Paper</subfield>
            <subfield code="x">Testing.</subfield>
            <subfield code="0">http://id.loc.gov/authorities/subjects/sh85097590</subfield>
        </datafield>
        <datafield tag="650" ind1=" " ind2="2">
            <subfield code="a">Paper.</subfield>
        </datafield>
        <datafield tag="700" ind1="1" ind2=" ">
            <subfield code="a">Church, Randolph W.</subfield>
            <subfield code="q">(Randolph Warner),</subfield>
            <subfield code="d">1907-</subfield>
            <subfield code="0">http://id.loc.gov/authorities/names/n82221674</subfield>
        </datafield>
        <datafield tag="776" ind1="0" ind2="8">
            <subfield code="i">Online version:</subfield>
            <subfield code="a">Barrow, W.J. (William J.).</subfield>
            <subfield code="t">Deterioration of book stock.</subfield>
            <subfield code="d">Richmond, Virginia State Library, 1959</subfield>
            <subfield code="w">(OCoLC)567943920</subfield>
        </datafield>
        <datafield tag="830" ind1=" " ind2="0">
            <subfield code="a">Virginia State Library publications ;</subfield>
            <subfield code="v">no. 10.</subfield>
        </datafield>
        <datafield tag="911" ind1=" " ind2=" ">
            <subfield code="i">chl00134775</subfield>
        </datafield>
        <datafield tag="930" ind1=" " ind2=" ">
            <subfield code="a">00000000</subfield>
            <subfield code="b">00000000</subfield>
            <subfield code="c">00000000</subfield>
        </datafield>
        <datafield tag="946" ind1=" " ind2=" ">
            <subfield code="a">Other US</subfield>
        </datafield>
        <datafield tag="035" ind1=" " ind2=" ">
            <subfield code="a">(Alma)9915431462807426</subfield>
        </datafield>
    </record>