
    <record>
        <leader>01496cam a2200373Ia 4500</leader>
        <controlfield tag="001">CAT11019904</controlfield>
        <controlfield tag="005">20221101160141.0</controlfield>
        <controlfield tag="008">890602s1942    mnua     f    000 0 eng d</controlfield>
        <datafield tag="016" ind1="7" ind2=" ">
            <subfield code="a">CAT11019904</subfield>
            <subfield code="2">DNAL</subfield>
        </datafield>
        <datafield tag="016" ind1="7" ind2=" ">
            <subfield code="a">CAT11048386</subfield>
            <subfield code="2">DNAL</subfield>
        </datafield>
        <datafield tag="035" ind1=" " ind2=" ">
            <subfield code="a">435891</subfield>
        </datafield>
        <datafield tag="035" ind1=" " ind2=" ">
            <subfield code="a">(OCoLC)61770433</subfield>
        </datafield>
        <datafield tag="035" ind1=" " ind2=" ">
            <subfield code="a">(DNAL)435891-naldb-Voyager</subfield>
        </datafield>
        <datafield tag="040" ind1=" " ind2=" ">
            <subfield code="a">WIH</subfield>
            <subfield code="b">eng</subfield>
            <subfield code="c">WIH</subfield>
            <subfield code="d">AGL</subfield>
            <subfield code="d">WAU</subfield>
            <subfield code="d">OCLCO</subfield>
            <subfield code="d">OCLCQ</subfield>
            <subfield code="d">OCLCO</subfield>
            <subfield code="d">OCLCF</subfield>
            <subfield code="d">OCLCA</subfield>
            <subfield code="d">OCL</subfield>
            <subfield code="d">OCLCO</subfield>
        </datafield>
        <datafield tag="049" ind1=" " ind2=" ">
            <subfield code="a">RQIB</subfield>
        </datafield>
        <datafield tag="070" ind1="0" ind2=" ">
            <subfield code="a">449</subfield>
            <subfield code="b">G283</subfield>
        </datafield>
        <datafield tag="072" ind1=" " ind2=" ">
            <subfield code="a">X380</subfield>
        </datafield>
        <datafield tag="100" ind1="1" ind2=" ">
            <subfield code="a">Erickson, T. A.</subfield>
            <subfield code="q">(Theodore A.)</subfield>
            <subfield code="0">http://id.loc.gov/authorities/names/no2010195105</subfield>
        </datafield>
        <datafield tag="245" ind1="1" ind2="0">
            <subfield code="a">Safety guide for the farm and home front.</subfield>
        </datafield>
        <datafield tag="260" ind1=" " ind2=" ">
            <subfield code="a">Minneapolis, Minn. :</subfield>
            <subfield code="b">General Mills, Dept. of Public Services,</subfield>
            <subfield code="c">[1942?]</subfield>
        </datafield>
        <datafield tag="300" ind1=" " ind2=" ">
            <subfield code="a">23 pages :</subfield>
            <subfield code="b">illustrations ;</subfield>
            <subfield code="c">22 cm</subfield>
        </datafield>
        <datafield tag="336" ind1=" " ind2=" ">
            <subfield code="a">text</subfield>
            <subfield code="b">txt</subfield>
            <subfield code="2">rdacontent</subfield>
        </datafield>
        <datafield tag="337" ind1=" " ind2=" ">
            <subfield code="a">unmediated</subfield>
            <subfield code="b">n</subfield>
            <subfield code="2">rdamedia</subfield>
        </datafield>
        <datafield tag="338" ind1=" " ind2=" ">
            <subfield code="a">volume</subfield>
            <subfield code="b">nc</subfield>
            <subfield code="2">rdacarrier</subfield>
        </datafield>
        <datafield tag="591" ind1=" " ind2=" ">
            <subfield code="b">NAL Reclamation</subfield>
        </datafield>
        <datafield tag="650" ind1=" " ind2="0">
            <subfield code="a">Agriculture</subfield>
            <subfield code="x">Safety measures</subfield>
            <subfield code="v">Handbooks, manuals, etc.</subfield>
        </datafield>
        <datafield tag="650" ind1=" " ind2="0">
            <subfield code="a">Accidents</subfield>
            <subfield code="x">Prevention</subfield>
            <subfield code="v">Handbooks, manuals, etc.</subfield>
        </datafield>
        <datafield tag="655" ind1=" " ind2="7">
            <subfield code="a">Handbooks and manuals.</subfield>
            <subfield code="2">fast</subfield>
            <subfield code="0">(OCoLC)fst01423877</subfield>
        </datafield>
        <datafield tag="710" ind1="2" ind2=" ">
            <subfield code="a">General Mills, Inc.</subfield>
            <subfield code="b">Department of Public Services.</subfield>
        </datafield>
        <datafield tag="776" ind1="0" ind2="8">
            <subfield code="i">Online version:</subfield>
            <subfield code="a">Erickson, T.A. (Theodore A.).</subfield>
            <subfield code="t">Safety guide for the farm and home front.</subfield>
            <subfield code="d">Minneapolis, Minn. : General Mills, Dept. of Public Services, [1942?]</subfield>
            <subfield code="w">(OCoLC)688378710</subfield>
        </datafield>
        <datafield tag="911" ind1=" " ind2=" ">
            <subfield code="i">chl00185859</subfield>
        </datafield>
        <datafield tag="930" ind1=" " ind2=" ">
            <subfield code="a">00000000</subfield>
            <subfield code="b">00000000</subfield>
            <subfield code="c">00000000</subfield>
        </datafield>
        <datafield tag="946" ind1=" " ind2=" ">
            <subfield code="a">Other US</subfield>
        </datafield>
        <datafield tag="035" ind1=" " ind2=" ">
            <subfield code="a">(Alma)9915431459507426</subfield>
        </datafield>
    </record>