
    <record>
        <leader>01746cam a2200433I  4500</leader>
        <controlfield tag="001">CAT11000584</controlfield>
        <controlfield tag="005">20221101160133.0</controlfield>
        <controlfield tag="008">890530s1952    xx a          000 0 eng  </controlfield>
        <datafield tag="010" ind1=" " ind2=" ">
            <subfield code="a">   52011247 </subfield>
        </datafield>
        <datafield tag="016" ind1="7" ind2=" ">
            <subfield code="a">CAT11000584</subfield>
            <subfield code="2">DNAL</subfield>
        </datafield>
        <datafield tag="035" ind1=" " ind2=" ">
            <subfield code="a">435572</subfield>
        </datafield>
        <datafield tag="035" ind1=" " ind2=" ">
            <subfield code="a">(OCoLC)02982248</subfield>
            <subfield code="z">(OCoLC)954298314</subfield>
        </datafield>
        <datafield tag="035" ind1=" " ind2=" ">
            <subfield code="a">(DNAL)435572-naldb-Voyager</subfield>
        </datafield>
        <datafield tag="035" ind1=" " ind2=" ">
            <subfield code="z">(OCoLC)954298314</subfield>
        </datafield>
        <datafield tag="040" ind1=" " ind2=" ">
            <subfield code="a">DLC</subfield>
            <subfield code="b">eng</subfield>
            <subfield code="c">DMM</subfield>
            <subfield code="d">AGL</subfield>
            <subfield code="d">OCLCG</subfield>
            <subfield code="d">UBY</subfield>
            <subfield code="d">OCLCQ</subfield>
            <subfield code="d">LE@</subfield>
            <subfield code="d">OCLCQ</subfield>
            <subfield code="d">IOU</subfield>
            <subfield code="d">OCLCO</subfield>
            <subfield code="d">OCLCF</subfield>
            <subfield code="d">OCL</subfield>
        </datafield>
        <datafield tag="049" ind1=" " ind2=" ">
            <subfield code="a">RQIB</subfield>
        </datafield>
        <datafield tag="070" ind1="0" ind2=" ">
            <subfield code="a">281.2</subfield>
            <subfield code="b">W65</subfield>
        </datafield>
        <datafield tag="072" ind1=" " ind2=" ">
            <subfield code="a">E500</subfield>
        </datafield>
        <datafield tag="100" ind1="1" ind2=" ">
            <subfield code="a">Wilkinson, H. E.</subfield>
            <subfield code="q">(Herbert Ellery),</subfield>
            <subfield code="d">1892-1987.</subfield>
            <subfield code="0">http://id.loc.gov/authorities/names/n94050146</subfield>
        </datafield>
        <datafield tag="245" ind1="1" ind2="0">
            <subfield code="a">Sun over Cerro Gordo;</subfield>
            <subfield code="b">vivid memories of an Iowa farm boy.</subfield>
            <subfield code="c">Illustrated by John Huseby.</subfield>
        </datafield>
        <datafield tag="260" ind1=" " ind2=" ">
            <subfield code="a">Ames,</subfield>
            <subfield code="b">Iowa State College Press</subfield>
            <subfield code="c">[1952]</subfield>
        </datafield>
        <datafield tag="300" ind1=" " ind2=" ">
            <subfield code="a">289 pages</subfield>
            <subfield code="b">illustrations</subfield>
            <subfield code="c">20 cm</subfield>
        </datafield>
        <datafield tag="336" ind1=" " ind2=" ">
            <subfield code="a">text</subfield>
            <subfield code="b">txt</subfield>
            <subfield code="2">rdacontent</subfield>
        </datafield>
        <datafield tag="337" ind1=" " ind2=" ">
            <subfield code="a">unmediated</subfield>
            <subfield code="b">n</subfield>
            <subfield code="2">rdamedia</subfield>
        </datafield>
        <datafield tag="338" ind1=" " ind2=" ">
            <subfield code="a">volume</subfield>
            <subfield code="b">nc</subfield>
            <subfield code="2">rdacarrier</subfield>
        </datafield>
        <datafield tag="591" ind1=" " ind2=" ">
            <subfield code="b">NAL Reclamation</subfield>
        </datafield>
        <datafield tag="600" ind1="1" ind2="0">
            <subfield code="a">Wilkinson, H. E.</subfield>
            <subfield code="q">(Herbert Ellery),</subfield>
            <subfield code="d">1892-1987</subfield>
            <subfield code="v">Biography.</subfield>
        </datafield>
        <datafield tag="600" ind1="1" ind2="7">
            <subfield code="a">Wilkinson, H. E.</subfield>
            <subfield code="q">(Herbert Ellery),</subfield>
            <subfield code="d">1892-1987.</subfield>
            <subfield code="0">(OCoLC)fst00339937</subfield>
        </datafield>
        <datafield tag="651" ind1=" " ind2="0">
            <subfield code="a">Cerro Gordo County (Iowa)</subfield>
            <subfield code="v">Biography.</subfield>
        </datafield>
        <datafield tag="650" ind1=" " ind2="0">
            <subfield code="a">Farm life.</subfield>
            <subfield code="0">http://id.loc.gov/authorities/subjects/sh85047218</subfield>
        </datafield>
        <datafield tag="650" ind1=" " ind2="3">
            <subfield code="a">rural sociology.</subfield>
        </datafield>
        <datafield tag="650" ind1=" " ind2="3">
            <subfield code="a">rural economics.</subfield>
        </datafield>
        <datafield tag="651" ind1=" " ind2="7">
            <subfield code="a">Iowa</subfield>
            <subfield code="z">Cerro Gordo County.</subfield>
            <subfield code="2">fast</subfield>
            <subfield code="0">(OCoLC)fst01212208</subfield>
        </datafield>
        <datafield tag="655" ind1=" " ind2="7">
            <subfield code="a">Biographies.</subfield>
            <subfield code="2">fast</subfield>
            <subfield code="0">(OCoLC)fst01919896</subfield>
        </datafield>
        <datafield tag="776" ind1="0" ind2="8">
            <subfield code="i">Online version:</subfield>
            <subfield code="a">Wilkinson, H.E. (Herbert Ellery), 1892-1987.</subfield>
            <subfield code="t">Sun over Cerro Gordo.</subfield>
            <subfield code="d">Ames, Iowa State College Press [1952]</subfield>
            <subfield code="w">(OCoLC)687033222</subfield>
        </datafield>
        <datafield tag="911" ind1=" " ind2=" ">
            <subfield code="i">chl00089990</subfield>
        </datafield>
        <datafield tag="930" ind1=" " ind2=" ">
            <subfield code="a">00000000</subfield>
            <subfield code="b">00000000</subfield>
            <subfield code="c">00000000</subfield>
        </datafield>
        <datafield tag="946" ind1=" " ind2=" ">
            <subfield code="a">Other US</subfield>
        </datafield>
        <datafield tag="035" ind1=" " ind2=" ">
            <subfield code="a">(Alma)9915431454807426</subfield>
        </datafield>
    </record>