
    <record>
        <leader>01538cam a2200385Ia 4500</leader>
        <controlfield tag="001">CAT92269335</controlfield>
        <controlfield tag="005">20221101160118.0</controlfield>
        <controlfield tag="008">920803s1956    ksu      b   s000 0 eng d</controlfield>
        <datafield tag="016" ind1="7" ind2=" ">
            <subfield code="a">CAT92269335</subfield>
            <subfield code="2">DNAL</subfield>
        </datafield>
        <datafield tag="035" ind1=" " ind2=" ">
            <subfield code="a">563498</subfield>
        </datafield>
        <datafield tag="035" ind1=" " ind2=" ">
            <subfield code="a">(OCoLC)26320729</subfield>
        </datafield>
        <datafield tag="035" ind1=" " ind2=" ">
            <subfield code="a">(DNAL)563498-naldb-Voyager</subfield>
        </datafield>
        <datafield tag="040" ind1=" " ind2=" ">
            <subfield code="a">RQF</subfield>
            <subfield code="b">eng</subfield>
            <subfield code="c">RQF</subfield>
            <subfield code="d">OCLCQ</subfield>
            <subfield code="d">OCLCO</subfield>
            <subfield code="d">OCLCF</subfield>
            <subfield code="d">OCL</subfield>
            <subfield code="d">AGL</subfield>
        </datafield>
        <datafield tag="043" ind1=" " ind2=" ">
            <subfield code="a">n-us-ks</subfield>
        </datafield>
        <datafield tag="049" ind1=" " ind2=" ">
            <subfield code="a">AGLY</subfield>
        </datafield>
        <datafield tag="070" ind1="0" ind2=" ">
            <subfield code="a">100</subfield>
            <subfield code="b">K13S (2) no.331</subfield>
        </datafield>
        <datafield tag="072" ind1=" " ind2=" ">
            <subfield code="a">A000</subfield>
        </datafield>
        <datafield tag="245" ind1="0" ind2="0">
            <subfield code="a">Publication list :</subfield>
            <subfield code="b">publications available from the Agricultural Experiment Station, Kansas State College of Agriculture and Applied Science, Manhattan, Kan.</subfield>
        </datafield>
        <datafield tag="260" ind1=" " ind2=" ">
            <subfield code="a">Manhattan, Kan. :</subfield>
            <subfield code="b">The Station,</subfield>
            <subfield code="c">1956.</subfield>
        </datafield>
        <datafield tag="300" ind1=" " ind2=" ">
            <subfield code="a">4 unnumbered pages ;</subfield>
            <subfield code="c">23 cm.</subfield>
        </datafield>
        <datafield tag="336" ind1=" " ind2=" ">
            <subfield code="a">text</subfield>
            <subfield code="b">txt</subfield>
            <subfield code="2">rdacontent</subfield>
        </datafield>
        <datafield tag="337" ind1=" " ind2=" ">
            <subfield code="a">unmediated</subfield>
            <subfield code="b">n</subfield>
            <subfield code="2">rdamedia</subfield>
        </datafield>
        <datafield tag="338" ind1=" " ind2=" ">
            <subfield code="a">volume</subfield>
            <subfield code="b">nc</subfield>
            <subfield code="2">rdacarrier</subfield>
        </datafield>
        <datafield tag="490" ind1="1" ind2=" ">
            <subfield code="a">Circular / Agricultural Experiment Station, Kansas State College of Agriculture and Applied Science ;</subfield>
            <subfield code="v">331</subfield>
        </datafield>
        <datafield tag="591" ind1=" " ind2=" ">
            <subfield code="b">NAL Reclamation</subfield>
        </datafield>
        <datafield tag="610" ind1="2" ind2="0">
            <subfield code="a">Kansas Agricultural Experiment Station</subfield>
            <subfield code="v">Bibliography.</subfield>
        </datafield>
        <datafield tag="630" ind1="0" ind2="0">
            <subfield code="a">Bulletin (Kansas Agricultural Experiment Station)</subfield>
        </datafield>
        <datafield tag="630" ind1="0" ind2="0">
            <subfield code="a">Circular (Kansas Agricultural Experiment Station)</subfield>
        </datafield>
        <datafield tag="610" ind1="2" ind2="7">
            <subfield code="a">Kansas Agricultural Experiment Station.</subfield>
            <subfield code="0">(OCoLC)fst00533346</subfield>
        </datafield>
        <datafield tag="650" ind1=" " ind2="3">
            <subfield code="a">agriculture.</subfield>
        </datafield>
        <datafield tag="655" ind1=" " ind2="7">
            <subfield code="a">Bibliographies.</subfield>
            <subfield code="2">fast</subfield>
            <subfield code="0">(OCoLC)fst01919895</subfield>
        </datafield>
        <datafield tag="830" ind1=" " ind2="0">
            <subfield code="a">Circular (Kansas Agricultural Experiment Station) ;</subfield>
            <subfield code="v">331.</subfield>
        </datafield>
        <datafield tag="930" ind1=" " ind2=" ">
            <subfield code="a">00000000</subfield>
            <subfield code="b">19940225</subfield>
            <subfield code="c">00000000</subfield>
        </datafield>
        <datafield tag="946" ind1=" " ind2=" ">
            <subfield code="a">State experiment station</subfield>
        </datafield>
        <datafield tag="035" ind1=" " ind2=" ">
            <subfield code="a">(Alma)9915431451707426</subfield>
        </datafield>
    </record>