
    <record>
        <leader>01333cam a22004097  4500</leader>
        <controlfield tag="001">CAT10990238</controlfield>
        <controlfield tag="005">20221101160125.0</controlfield>
        <controlfield tag="008">920730s1935    gw       bm   000 0 ger d</controlfield>
        <datafield tag="016" ind1="7" ind2=" ">
            <subfield code="a">573421137</subfield>
            <subfield code="2">DE-101</subfield>
        </datafield>
        <datafield tag="016" ind1="7" ind2=" ">
            <subfield code="a">CAT10990238</subfield>
            <subfield code="2">DNAL</subfield>
        </datafield>
        <datafield tag="035" ind1=" " ind2=" ">
            <subfield code="a">563156</subfield>
        </datafield>
        <datafield tag="035" ind1=" " ind2=" ">
            <subfield code="a">(OCoLC)26292722</subfield>
        </datafield>
        <datafield tag="035" ind1=" " ind2=" ">
            <subfield code="a">(DNAL)563156-naldb-Voyager</subfield>
        </datafield>
        <datafield tag="040" ind1=" " ind2=" ">
            <subfield code="a">ZCU</subfield>
            <subfield code="b">eng</subfield>
            <subfield code="c">ZCU</subfield>
            <subfield code="d">OCLCQ</subfield>
            <subfield code="d">AGL</subfield>
            <subfield code="d">HEBIS</subfield>
            <subfield code="d">OCLCQ</subfield>
            <subfield code="d">OCLCO</subfield>
            <subfield code="d">OCLCF</subfield>
            <subfield code="d">OCLCQ</subfield>
            <subfield code="d">OCLCO</subfield>
        </datafield>
        <datafield tag="049" ind1=" " ind2=" ">
            <subfield code="a">RQIB</subfield>
        </datafield>
        <datafield tag="070" ind1="0" ind2=" ">
            <subfield code="a">281.391</subfield>
            <subfield code="b">G31</subfield>
        </datafield>
        <datafield tag="072" ind1=" " ind2=" ">
            <subfield code="a">F110</subfield>
        </datafield>
        <datafield tag="100" ind1="1" ind2=" ">
            <subfield code="a">Gerloff, Friedrich,</subfield>
            <subfield code="d">1909-</subfield>
        </datafield>
        <datafield tag="245" ind1="1" ind2="4">
            <subfield code="a">Die Entwickelung der Gemüseproduktion für den Markt ...</subfield>
            <subfield code="c">von Friedrich Gerloff ...</subfield>
        </datafield>
        <datafield tag="260" ind1=" " ind2=" ">
            <subfield code="a">Würzburg,</subfield>
            <subfield code="b">Triltsch,</subfield>
            <subfield code="c">1935.</subfield>
        </datafield>
        <datafield tag="300" ind1=" " ind2=" ">
            <subfield code="a">vi, 67, [1] pages</subfield>
            <subfield code="c">23 cm</subfield>
        </datafield>
        <datafield tag="336" ind1=" " ind2=" ">
            <subfield code="a">text</subfield>
            <subfield code="b">txt</subfield>
            <subfield code="2">rdacontent</subfield>
        </datafield>
        <datafield tag="337" ind1=" " ind2=" ">
            <subfield code="a">unmediated</subfield>
            <subfield code="b">n</subfield>
            <subfield code="2">rdamedia</subfield>
        </datafield>
        <datafield tag="338" ind1=" " ind2=" ">
            <subfield code="a">volume</subfield>
            <subfield code="b">nc</subfield>
            <subfield code="2">rdacarrier</subfield>
        </datafield>
        <datafield tag="502" ind1=" " ind2=" ">
            <subfield code="c">Köln</subfield>
        </datafield>
        <datafield tag="504" ind1=" " ind2=" ">
            <subfield code="a">&quot;Literaturnachweis&quot;: pages v-vi</subfield>
        </datafield>
        <datafield tag="591" ind1=" " ind2=" ">
            <subfield code="b">NAL Reclamation</subfield>
        </datafield>
        <datafield tag="650" ind1=" " ind2="3">
            <subfield code="a">plant cultural practices.</subfield>
        </datafield>
        <datafield tag="650" ind1=" " ind2="3">
            <subfield code="a">horticulture.</subfield>
        </datafield>
        <datafield tag="650" ind1=" " ind2="3">
            <subfield code="a">horticultural crops.</subfield>
        </datafield>
        <datafield tag="650" ind1=" " ind2="3">
            <subfield code="a">crop production.</subfield>
        </datafield>
        <datafield tag="655" ind1=" " ind2="7">
            <subfield code="a">Academic theses.</subfield>
            <subfield code="2">fast</subfield>
            <subfield code="0">(OCoLC)fst01726453</subfield>
        </datafield>
        <datafield tag="655" ind1=" " ind2="7">
            <subfield code="a">Academic theses.</subfield>
            <subfield code="2">lcgft</subfield>
            <subfield code="0">http://id.loc.gov/authorities/genreForms/gf2014026039</subfield>
        </datafield>
        <datafield tag="911" ind1=" " ind2=" ">
            <subfield code="i">chl00091625</subfield>
        </datafield>
        <datafield tag="930" ind1=" " ind2=" ">
            <subfield code="a">00000000</subfield>
            <subfield code="b">00000000</subfield>
            <subfield code="c">00000000</subfield>
        </datafield>
        <datafield tag="946" ind1=" " ind2=" ">
            <subfield code="a">Non-US</subfield>
        </datafield>
        <datafield tag="035" ind1=" " ind2=" ">
            <subfield code="a">(Alma)9915431451307426</subfield>
        </datafield>
    </record>