
    <record>
        <leader>01819cam a2200409Ia 4500</leader>
        <controlfield tag="001">CAT89235343</controlfield>
        <controlfield tag="005">20221101160223.0</controlfield>
        <controlfield tag="008">890904s1978    sdua     b   s000 0 eng d</controlfield>
        <datafield tag="016" ind1="7" ind2=" ">
            <subfield code="a">CAT89235343</subfield>
            <subfield code="2">DNAL</subfield>
        </datafield>
        <datafield tag="035" ind1=" " ind2=" ">
            <subfield code="a">435263</subfield>
        </datafield>
        <datafield tag="035" ind1=" " ind2=" ">
            <subfield code="a">(OCoLC)05956814</subfield>
        </datafield>
        <datafield tag="035" ind1=" " ind2=" ">
            <subfield code="a">(DNAL)435263-naldb-Voyager</subfield>
        </datafield>
        <datafield tag="040" ind1=" " ind2=" ">
            <subfield code="a">SDS</subfield>
            <subfield code="b">eng</subfield>
            <subfield code="c">SDS</subfield>
            <subfield code="d">AGL</subfield>
            <subfield code="d">OCLCQ</subfield>
            <subfield code="d">OCLCF</subfield>
            <subfield code="d">OCLCO</subfield>
            <subfield code="d">SDB</subfield>
        </datafield>
        <datafield tag="043" ind1=" " ind2=" ">
            <subfield code="a">n-us-sd</subfield>
        </datafield>
        <datafield tag="049" ind1=" " ind2=" ">
            <subfield code="a">AGLY</subfield>
        </datafield>
        <datafield tag="070" ind1="0" ind2=" ">
            <subfield code="a">100</subfield>
            <subfield code="b">So82 (1) no.658</subfield>
        </datafield>
        <datafield tag="072" ind1=" " ind2=" ">
            <subfield code="a">P110</subfield>
        </datafield>
        <datafield tag="100" ind1="1" ind2=" ">
            <subfield code="a">Daves, Thomas E.</subfield>
        </datafield>
        <datafield tag="245" ind1="1" ind2="0">
            <subfield code="a">Gasohol :</subfield>
            <subfield code="b">economic feasibility in South Dakota /</subfield>
            <subfield code="c">[Thomas E. Daves].</subfield>
        </datafield>
        <datafield tag="260" ind1=" " ind2=" ">
            <subfield code="a">Brookings :</subfield>
            <subfield code="b">Agricultural Experiment Station, South Dakota State University,</subfield>
            <subfield code="c">1978.</subfield>
        </datafield>
        <datafield tag="300" ind1=" " ind2=" ">
            <subfield code="a">7, [1] pages :</subfield>
            <subfield code="b">illustrations ;</subfield>
            <subfield code="c">28 cm.</subfield>
        </datafield>
        <datafield tag="336" ind1=" " ind2=" ">
            <subfield code="a">text</subfield>
            <subfield code="b">txt</subfield>
            <subfield code="2">rdacontent</subfield>
        </datafield>
        <datafield tag="337" ind1=" " ind2=" ">
            <subfield code="a">unmediated</subfield>
            <subfield code="b">n</subfield>
            <subfield code="2">rdamedia</subfield>
        </datafield>
        <datafield tag="338" ind1=" " ind2=" ">
            <subfield code="a">volume</subfield>
            <subfield code="b">nc</subfield>
            <subfield code="2">rdacarrier</subfield>
        </datafield>
        <datafield tag="490" ind1="1" ind2=" ">
            <subfield code="a">Bulletin / South Dakota Agricultural Experiment Station ;</subfield>
            <subfield code="v">658</subfield>
        </datafield>
        <datafield tag="504" ind1=" " ind2=" ">
            <subfield code="a">Includes bibliographical references (pages 7-8).</subfield>
        </datafield>
        <datafield tag="591" ind1=" " ind2=" ">
            <subfield code="b">NAL Reclamation</subfield>
        </datafield>
        <datafield tag="650" ind1=" " ind2="0">
            <subfield code="a">Alcohol as fuel.</subfield>
            <subfield code="0">http://id.loc.gov/authorities/subjects/sh85003274</subfield>
        </datafield>
        <datafield tag="650" ind1=" " ind2="0">
            <subfield code="a">Gasohol.</subfield>
            <subfield code="0">http://id.loc.gov/authorities/subjects/sh85053415</subfield>
        </datafield>
        <datafield tag="710" ind1="2" ind2=" ">
            <subfield code="a">South Dakota Agricultural Experiment Station.</subfield>
            <subfield code="0">http://id.loc.gov/authorities/names/n80036737</subfield>
        </datafield>
        <datafield tag="710" ind1="2" ind2=" ">
            <subfield code="a">South Dakota State University.</subfield>
            <subfield code="b">Economics Department.</subfield>
            <subfield code="0">http://id.loc.gov/authorities/names/n81046713</subfield>
        </datafield>
        <datafield tag="776" ind1="0" ind2="8">
            <subfield code="i">Online version:</subfield>
            <subfield code="a">Daves, Thomas E.</subfield>
            <subfield code="t">Gasohol.</subfield>
            <subfield code="d">Brookings : Agricultural Experiment Station, South Dakota State University, 1978</subfield>
            <subfield code="w">(OCoLC)763607234</subfield>
        </datafield>
        <datafield tag="830" ind1=" " ind2="0">
            <subfield code="a">Bulletin (South Dakota Agricultural Experiment Station) ;</subfield>
            <subfield code="v">658.</subfield>
        </datafield>
        <datafield tag="852" ind1=" " ind2=" ">
            <subfield code="a">DNAL</subfield>
            <subfield code="i">100 So82 (1) no.658</subfield>
        </datafield>
        <datafield tag="930" ind1="0" ind2="1">
            <subfield code="a">00000000</subfield>
            <subfield code="b">00000000</subfield>
            <subfield code="c">19890615</subfield>
            <subfield code="e">1 890615</subfield>
            <subfield code="f">0 890606</subfield>
            <subfield code="s">1 890807</subfield>
        </datafield>
        <datafield tag="946" ind1=" " ind2=" ">
            <subfield code="a">State experiment station</subfield>
        </datafield>
        <datafield tag="035" ind1=" " ind2=" ">
            <subfield code="a">(Alma)9915431492607426</subfield>
        </datafield>
    </record>