
    <record>
        <leader>02038cam a2200433Ia 4500</leader>
        <controlfield tag="001">CAT11057977</controlfield>
        <controlfield tag="005">20221101161138.0</controlfield>
        <controlfield tag="008">921124s1955    ru a          000 0 ruso </controlfield>
        <datafield tag="010" ind1=" " ind2=" ">
            <subfield code="a">   56019348 </subfield>
        </datafield>
        <datafield tag="016" ind1="7" ind2=" ">
            <subfield code="a">CAT11057977</subfield>
            <subfield code="2">DNAL</subfield>
        </datafield>
        <datafield tag="035" ind1=" " ind2=" ">
            <subfield code="a">575454</subfield>
        </datafield>
        <datafield tag="035" ind1=" " ind2=" ">
            <subfield code="a">(OCoLC)27026695</subfield>
        </datafield>
        <datafield tag="035" ind1=" " ind2=" ">
            <subfield code="a">(DNAL)575454-naldb-Voyager</subfield>
        </datafield>
        <datafield tag="040" ind1=" " ind2=" ">
            <subfield code="a">DLC</subfield>
            <subfield code="b">eng</subfield>
            <subfield code="c">CRL</subfield>
            <subfield code="d">AGL</subfield>
            <subfield code="d">OCLCG</subfield>
            <subfield code="d">OCLCF</subfield>
            <subfield code="d">OCLCQ</subfield>
            <subfield code="d">OCLCO</subfield>
            <subfield code="d">OCLCQ</subfield>
        </datafield>
        <datafield tag="049" ind1=" " ind2=" ">
            <subfield code="a">RQIB</subfield>
        </datafield>
        <datafield tag="066" ind1=" " ind2=" ">
            <subfield code="c">(N</subfield>
        </datafield>
        <datafield tag="070" ind1="0" ind2=" ">
            <subfield code="a">93.6</subfield>
            <subfield code="b">R13U</subfield>
        </datafield>
        <datafield tag="072" ind1=" " ind2=" ">
            <subfield code="a">F110</subfield>
        </datafield>
        <datafield tag="100" ind1="1" ind2=" ">
            <subfield code="a">Rakitin, I︠U︡. V.</subfield>
            <subfield code="q">(I︠U︡riĭ Vladimirovich),</subfield>
            <subfield code="d">1911-</subfield>
            <subfield code="0">http://id.loc.gov/authorities/names/n81023874</subfield>
        </datafield>
        <datafield tag="245" ind1="1" ind2="0">
            <subfield code="6">880-01</subfield>
            <subfield code="a">Uskorenie sozrevanii︠a︡ plodov /</subfield>
            <subfield code="c">I︠U︡.V. Rakitin.</subfield>
        </datafield>
        <datafield tag="880" ind1="1" ind2="0">
            <subfield code="6">245-01/(N</subfield>
            <subfield code="a">Ускорение созревания плодов /</subfield>
            <subfield code="c">Ю.В. Ракитин.</subfield>
        </datafield>
        <datafield tag="260" ind1=" " ind2=" ">
            <subfield code="6">880-02</subfield>
            <subfield code="a">Moskva :</subfield>
            <subfield code="b">Izd-vo Akademii nauk SSSR,</subfield>
            <subfield code="c">1955.</subfield>
        </datafield>
        <datafield tag="880" ind1=" " ind2=" ">
            <subfield code="6">260-02/(N</subfield>
            <subfield code="a">Москва :</subfield>
            <subfield code="b">Изд-во Академии наук СССР,</subfield>
            <subfield code="c">1955.</subfield>
        </datafield>
        <datafield tag="300" ind1=" " ind2=" ">
            <subfield code="a">166 pages :</subfield>
            <subfield code="b">illustrations ;</subfield>
            <subfield code="c">20 cm.</subfield>
        </datafield>
        <datafield tag="336" ind1=" " ind2=" ">
            <subfield code="a">text</subfield>
            <subfield code="b">txt</subfield>
            <subfield code="2">rdacontent</subfield>
        </datafield>
        <datafield tag="337" ind1=" " ind2=" ">
            <subfield code="a">unmediated</subfield>
            <subfield code="b">n</subfield>
            <subfield code="2">rdamedia</subfield>
        </datafield>
        <datafield tag="338" ind1=" " ind2=" ">
            <subfield code="a">volume</subfield>
            <subfield code="b">nc</subfield>
            <subfield code="2">rdacarrier</subfield>
        </datafield>
        <datafield tag="490" ind1="1" ind2=" ">
            <subfield code="a">Nauchno-populi︠a︡rnai︠a︡ serii︠a︡ &quot;V pomoshch selʹskomu khozi︠a︡ĭstvu&quot;</subfield>
        </datafield>
        <datafield tag="490" ind1="1" ind2=" ">
            <subfield code="6">880-03</subfield>
            <subfield code="a">Nauchno-populi︠a︡rnai︠a︡ serii︠a︡ / Akademii︠a︡ nauk SSSR, Institut fiziologii rasteniĭ im. K.A. Timiri︠a︡zeva</subfield>
        </datafield>
        <datafield tag="880" ind1="1" ind2=" ">
            <subfield code="6">490-03/(N</subfield>
            <subfield code="a">Научно-популярная серия / Академия наук СССР, Институт физиологии растений им. К.А. Тимирязева</subfield>
        </datafield>
        <datafield tag="588" ind1=" " ind2=" ">
            <subfield code="a">Non-Latin script generated programmatically.</subfield>
        </datafield>
        <datafield tag="591" ind1=" " ind2=" ">
            <subfield code="b">NAL Reclamation</subfield>
        </datafield>
        <datafield tag="650" ind1=" " ind2="0">
            <subfield code="a">Fruit</subfield>
            <subfield code="x">Ripening.</subfield>
            <subfield code="0">http://id.loc.gov/authorities/subjects/sh85052141</subfield>
        </datafield>
        <datafield tag="830" ind1=" " ind2="0">
            <subfield code="a">Nauchno-populi︠a︡rnai︠a︡ serii︠a︡ V pomoshchʹ selʹskomu khozi︠a︡ĭstvu</subfield>
        </datafield>
        <datafield tag="830" ind1=" " ind2="0">
            <subfield code="a">Nauchno-populi︠a︡rnai︠a︡ serii︠a︡</subfield>
        </datafield>
        <datafield tag="911" ind1=" " ind2=" ">
            <subfield code="i">chl00051638</subfield>
        </datafield>
        <datafield tag="930" ind1=" " ind2=" ">
            <subfield code="a">00000000</subfield>
            <subfield code="b">00000000</subfield>
            <subfield code="c">00000000</subfield>
        </datafield>
        <datafield tag="946" ind1=" " ind2=" ">
            <subfield code="a">Non-US</subfield>
        </datafield>
        <datafield tag="035" ind1=" " ind2=" ">
            <subfield code="a">(Alma)9915431420707426</subfield>
        </datafield>
    </record>