
    <record>
        <leader>02662cas a2200613 a 4500</leader>
        <controlfield tag="001">CAT92965700</controlfield>
        <controlfield tag="005">20221101161143.0</controlfield>
        <controlfield tag="008">921201c19639999dcugr        f0   a0eng c</controlfield>
        <datafield tag="010" ind1=" " ind2=" ">
            <subfield code="a">   89643738 </subfield>
            <subfield code="z">sc 79004730 </subfield>
        </datafield>
        <datafield tag="016" ind1="7" ind2=" ">
            <subfield code="a">CAT92965700</subfield>
            <subfield code="2">DNAL</subfield>
        </datafield>
        <datafield tag="022" ind1="0" ind2=" ">
            <subfield code="a">0270-0433</subfield>
            <subfield code="l">0270-0433</subfield>
            <subfield code="2">1</subfield>
        </datafield>
        <datafield tag="035" ind1=" " ind2=" ">
            <subfield code="a">575732</subfield>
        </datafield>
        <datafield tag="035" ind1=" " ind2=" ">
            <subfield code="a">(OCoLC)05149250</subfield>
            <subfield code="z">(OCoLC)962863279</subfield>
            <subfield code="z">(OCoLC)1013278722</subfield>
            <subfield code="z">(OCoLC)1060565514</subfield>
            <subfield code="z">(OCoLC)1195438883</subfield>
        </datafield>
        <datafield tag="035" ind1=" " ind2=" ">
            <subfield code="a">(DNAL)575732-naldb-Voyager</subfield>
        </datafield>
        <datafield tag="035" ind1=" " ind2=" ">
            <subfield code="z">(OCoLC)962863279</subfield>
            <subfield code="z">(OCoLC)1013278722</subfield>
            <subfield code="z">(OCoLC)1060565514</subfield>
            <subfield code="z">(OCoLC)1195438883</subfield>
        </datafield>
        <datafield tag="040" ind1=" " ind2=" ">
            <subfield code="a">UDI</subfield>
            <subfield code="b">eng</subfield>
            <subfield code="c">UDI</subfield>
            <subfield code="d">DLC</subfield>
            <subfield code="d">NSD</subfield>
            <subfield code="d">GPO</subfield>
            <subfield code="d">DLC</subfield>
            <subfield code="d">NST</subfield>
            <subfield code="d">AGL</subfield>
            <subfield code="d">GPO</subfield>
            <subfield code="d">DLC</subfield>
            <subfield code="d">OCLCQ</subfield>
            <subfield code="d">IUL</subfield>
            <subfield code="d">OCLCQ</subfield>
            <subfield code="d">OCLCA</subfield>
            <subfield code="d">OCLCQ</subfield>
            <subfield code="d">OCLCA</subfield>
            <subfield code="d">GPO</subfield>
            <subfield code="d">OCLCF</subfield>
            <subfield code="d">OCLCA</subfield>
            <subfield code="d">OCLCQ</subfield>
        </datafield>
        <datafield tag="042" ind1=" " ind2=" ">
            <subfield code="a">pcc</subfield>
            <subfield code="a">nsdp</subfield>
        </datafield>
        <datafield tag="043" ind1=" " ind2=" ">
            <subfield code="a">n-usp--</subfield>
        </datafield>
        <datafield tag="049" ind1=" " ind2=" ">
            <subfield code="a">AGLL</subfield>
        </datafield>
        <datafield tag="070" ind1="0" ind2=" ">
            <subfield code="a">TD225.C6P8</subfield>
        </datafield>
        <datafield tag="072" ind1=" " ind2=" ">
            <subfield code="a">P200</subfield>
        </datafield>
        <datafield tag="086" ind1="0" ind2=" ">
            <subfield code="a">I 1.2:W 29/X/</subfield>
        </datafield>
        <datafield tag="086" ind1="0" ind2=" ">
            <subfield code="a">I 27.2:Q 2/3/</subfield>
        </datafield>
        <datafield tag="210" ind1="0" ind2=" ">
            <subfield code="a">Qual. water Colo. River Basin</subfield>
        </datafield>
        <datafield tag="222" ind1=" " ind2="0">
            <subfield code="a">Quality of water, Colorado River Basin</subfield>
        </datafield>
        <datafield tag="245" ind1="0" ind2="0">
            <subfield code="a">Quality of water, Colorado River Basin, progress report.</subfield>
        </datafield>
        <datafield tag="260" ind1=" " ind2=" ">
            <subfield code="a">Washington, D.C. :</subfield>
            <subfield code="b">U.S. Dept. of the Interior</subfield>
        </datafield>
        <datafield tag="300" ind1=" " ind2=" ">
            <subfield code="a">volumes :</subfield>
            <subfield code="b">illustrations, maps ;</subfield>
            <subfield code="c">28 cm</subfield>
        </datafield>
        <datafield tag="310" ind1=" " ind2=" ">
            <subfield code="a">Biennial</subfield>
        </datafield>
        <datafield tag="336" ind1=" " ind2=" ">
            <subfield code="a">text</subfield>
            <subfield code="b">txt</subfield>
            <subfield code="2">rdacontent</subfield>
        </datafield>
        <datafield tag="337" ind1=" " ind2=" ">
            <subfield code="a">unmediated</subfield>
            <subfield code="b">n</subfield>
            <subfield code="2">rdamedia</subfield>
        </datafield>
        <datafield tag="338" ind1=" " ind2=" ">
            <subfield code="a">volume</subfield>
            <subfield code="b">nc</subfield>
            <subfield code="2">rdacarrier</subfield>
        </datafield>
        <datafield tag="362" ind1="1" ind2=" ">
            <subfield code="a">Began with no. 1, 1963.</subfield>
        </datafield>
        <datafield tag="530" ind1=" " ind2=" ">
            <subfield code="a">Some volumes distributed to depository libraries on microfiche.</subfield>
        </datafield>
        <datafield tag="530" ind1=" " ind2=" ">
            <subfield code="a">Library also holds microfiche. Washington, DC : Supt. of Docs., U.S. G.P.O., 2003. microfiches : negative. (NAL call no.: Fiche S-133 (I 1.2:W29/X/     )</subfield>
        </datafield>
        <datafield tag="550" ind1=" " ind2=" ">
            <subfield code="a">Volumes for &lt;1993-&gt; issued by the Bureau of Reclamation, U.S. Dept. of the Interior.</subfield>
        </datafield>
        <datafield tag="588" ind1=" " ind2=" ">
            <subfield code="a">Description based on: No. 4 (Jan. 1969).</subfield>
        </datafield>
        <datafield tag="588" ind1=" " ind2=" ">
            <subfield code="a">Latest issue consulted: No. 16 (Jan. 1993).</subfield>
        </datafield>
        <datafield tag="591" ind1=" " ind2=" ">
            <subfield code="b">NAL Reclamation</subfield>
        </datafield>
        <datafield tag="650" ind1=" " ind2="0">
            <subfield code="a">Water quality</subfield>
            <subfield code="z">Colorado River (Colo.-Mexico)</subfield>
            <subfield code="v">Periodicals.</subfield>
        </datafield>
        <datafield tag="651" ind1=" " ind2="0">
            <subfield code="a">Colorado River Watershed (Colo.-Mexico)</subfield>
            <subfield code="v">Periodicals.</subfield>
        </datafield>
        <datafield tag="650" ind1=" " ind2="3">
            <subfield code="a">water resources.</subfield>
        </datafield>
        <datafield tag="650" ind1=" " ind2="3">
            <subfield code="a">water management.</subfield>
        </datafield>
        <datafield tag="650" ind1=" " ind2="3">
            <subfield code="a">natural resources.</subfield>
        </datafield>
        <datafield tag="651" ind1=" " ind2="7">
            <subfield code="a">North America</subfield>
            <subfield code="z">Colorado River.</subfield>
            <subfield code="2">fast</subfield>
            <subfield code="0">(OCoLC)fst01240026</subfield>
        </datafield>
        <datafield tag="651" ind1=" " ind2="7">
            <subfield code="a">North America</subfield>
            <subfield code="z">Colorado River Watershed.</subfield>
            <subfield code="2">fast</subfield>
            <subfield code="0">(OCoLC)fst01264747</subfield>
        </datafield>
        <datafield tag="655" ind1=" " ind2="7">
            <subfield code="a">Periodicals.</subfield>
            <subfield code="2">fast</subfield>
            <subfield code="0">(OCoLC)fst01411641</subfield>
        </datafield>
        <datafield tag="710" ind1="1" ind2=" ">
            <subfield code="a">United States.</subfield>
            <subfield code="b">Department of the Interior.</subfield>
        </datafield>
        <datafield tag="710" ind1="1" ind2=" ">
            <subfield code="a">United States.</subfield>
            <subfield code="b">Bureau of Reclamation.</subfield>
            <subfield code="0">http://id.loc.gov/authorities/names/n80126148</subfield>
        </datafield>
        <datafield tag="776" ind1="1" ind2=" ">
            <subfield code="c">Microfiche</subfield>
            <subfield code="d">Supt. of Docs., U.S.G.P.O.</subfield>
            <subfield code="w">(DLC)sn 94028367</subfield>
            <subfield code="w">(OCoLC)25736072</subfield>
        </datafield>
        <datafield tag="850" ind1=" " ind2=" ">
            <subfield code="a">CU-A</subfield>
            <subfield code="a">CU-BANC</subfield>
            <subfield code="a">DLC</subfield>
            <subfield code="a">DNAL</subfield>
        </datafield>
        <datafield tag="930" ind1=" " ind2=" ">
            <subfield code="a">20041015</subfield>
            <subfield code="b">20041101</subfield>
            <subfield code="c">00000000</subfield>
        </datafield>
        <datafield tag="946" ind1=" " ind2=" ">
            <subfield code="a">Other US</subfield>
        </datafield>
        <datafield tag="035" ind1=" " ind2=" ">
            <subfield code="a">(Alma)9915431413707426</subfield>
        </datafield>
    </record>