
    <record>
        <leader>02238cam a2200481Ia 4500</leader>
        <controlfield tag="001">CAT92273822</controlfield>
        <controlfield tag="005">20221101155801.0</controlfield>
        <controlfield tag="008">740508s1973    mnua     b   f000 0 eng d</controlfield>
        <datafield tag="016" ind1="7" ind2=" ">
            <subfield code="a">CAT92273822</subfield>
            <subfield code="2">DNAL</subfield>
        </datafield>
        <datafield tag="035" ind1=" " ind2=" ">
            <subfield code="a">575197</subfield>
        </datafield>
        <datafield tag="035" ind1=" " ind2=" ">
            <subfield code="a">(OCoLC)00880652</subfield>
        </datafield>
        <datafield tag="035" ind1=" " ind2=" ">
            <subfield code="a">(DNAL)575197-naldb-Voyager</subfield>
        </datafield>
        <datafield tag="040" ind1=" " ind2=" ">
            <subfield code="a">UDI</subfield>
            <subfield code="b">eng</subfield>
            <subfield code="c">UDI</subfield>
            <subfield code="d">RQF</subfield>
            <subfield code="d">OCLCQ</subfield>
            <subfield code="d">SPI</subfield>
            <subfield code="d">MTG</subfield>
            <subfield code="d">NUI</subfield>
            <subfield code="d">OCLCQ</subfield>
            <subfield code="d">OCLCF</subfield>
            <subfield code="d">OCLCQ</subfield>
            <subfield code="d">COD</subfield>
            <subfield code="d">OCLCA</subfield>
            <subfield code="d">AGM</subfield>
            <subfield code="d">JDP</subfield>
            <subfield code="d">WURST</subfield>
            <subfield code="d">AGL</subfield>
            <subfield code="d">OCLCO</subfield>
        </datafield>
        <datafield tag="049" ind1=" " ind2=" ">
            <subfield code="a">AGLL</subfield>
        </datafield>
        <datafield tag="070" ind1="0" ind2=" ">
            <subfield code="a">aSD11.A34</subfield>
            <subfield code="b">no.96</subfield>
        </datafield>
        <datafield tag="072" ind1=" " ind2="0">
            <subfield code="a">K130</subfield>
        </datafield>
        <datafield tag="086" ind1="0" ind2=" ">
            <subfield code="a">A 13.78:NC-96</subfield>
        </datafield>
        <datafield tag="100" ind1="1" ind2=" ">
            <subfield code="a">Sturos, John A.,</subfield>
            <subfield code="e">author.</subfield>
            <subfield code="0">http://id.loc.gov/authorities/names/n79051013</subfield>
        </datafield>
        <datafield tag="245" ind1="1" ind2="0">
            <subfield code="a">Theoretical methods for estimating moments of inertia of trees and boles /</subfield>
            <subfield code="c">John A. Sturos.</subfield>
        </datafield>
        <datafield tag="260" ind1=" " ind2=" ">
            <subfield code="a">[Saint Paul, Minnesota] :</subfield>
            <subfield code="b">North Central Forest Experiment Station, Forest Service, U.S. Dept. of Agriculture,</subfield>
            <subfield code="c">1973.</subfield>
        </datafield>
        <datafield tag="300" ind1=" " ind2=" ">
            <subfield code="a">10 pages :</subfield>
            <subfield code="b">illustrations ;</subfield>
            <subfield code="c">27 cm.</subfield>
        </datafield>
        <datafield tag="336" ind1=" " ind2=" ">
            <subfield code="a">text</subfield>
            <subfield code="b">txt</subfield>
            <subfield code="2">rdacontent</subfield>
        </datafield>
        <datafield tag="337" ind1=" " ind2=" ">
            <subfield code="a">unmediated</subfield>
            <subfield code="b">n</subfield>
            <subfield code="2">rdamedia</subfield>
        </datafield>
        <datafield tag="338" ind1=" " ind2=" ">
            <subfield code="a">volume</subfield>
            <subfield code="b">nc</subfield>
            <subfield code="2">rdacarrier</subfield>
        </datafield>
        <datafield tag="490" ind1="1" ind2=" ">
            <subfield code="a">USDA Forest Service research paper NC ;</subfield>
            <subfield code="v">96</subfield>
        </datafield>
        <datafield tag="504" ind1=" " ind2=" ">
            <subfield code="a">Includes bibliographical references.</subfield>
        </datafield>
        <datafield tag="530" ind1=" " ind2=" ">
            <subfield code="a">Also available in the Internet.</subfield>
        </datafield>
        <datafield tag="591" ind1=" " ind2=" ">
            <subfield code="b">NAL Reclamation</subfield>
        </datafield>
        <datafield tag="650" ind1=" " ind2="0">
            <subfield code="a">Moments of inertia.</subfield>
            <subfield code="0">http://id.loc.gov/authorities/subjects/sh85086657</subfield>
        </datafield>
        <datafield tag="650" ind1=" " ind2="0">
            <subfield code="a">Forestry engineering.</subfield>
            <subfield code="0">http://id.loc.gov/authorities/subjects/sh85050689</subfield>
        </datafield>
        <datafield tag="650" ind1=" " ind2="3">
            <subfield code="a">Dynamics.</subfield>
        </datafield>
        <datafield tag="650" ind1=" " ind2="3">
            <subfield code="a">Forest engineering.</subfield>
        </datafield>
        <datafield tag="650" ind1=" " ind2="3">
            <subfield code="a">Models.</subfield>
        </datafield>
        <datafield tag="655" ind1=" " ind2="3">
            <subfield code="a">Internet resource.</subfield>
        </datafield>
        <datafield tag="710" ind1="2" ind2=" ">
            <subfield code="a">North Central Forest Experiment Station (Saint Paul, Minn.)</subfield>
            <subfield code="0">http://id.loc.gov/authorities/names/n80044737</subfield>
        </datafield>
        <datafield tag="710" ind1="1" ind2=" ">
            <subfield code="a">United States.</subfield>
            <subfield code="b">Department of Agriculture.</subfield>
        </datafield>
        <datafield tag="710" ind1="1" ind2=" ">
            <subfield code="a">United States.</subfield>
            <subfield code="b">Forest Service.</subfield>
            <subfield code="0">http://id.loc.gov/authorities/names/n79054932</subfield>
        </datafield>
        <datafield tag="776" ind1="0" ind2="8">
            <subfield code="i">Online version:</subfield>
            <subfield code="a">Sturos, John A.</subfield>
            <subfield code="t">Theoretical methods for estimating moments of inertia of trees and boles.</subfield>
            <subfield code="d">[Saint Paul, Minn.] : North Central Forest Experiment Station, Forest Service, U.S. Dept. of Agriculture, 1973</subfield>
            <subfield code="w">(OCoLC)624314989</subfield>
        </datafield>
        <datafield tag="830" ind1=" " ind2="0">
            <subfield code="a">USDA Forest Service research paper NC ;</subfield>
            <subfield code="v">96.</subfield>
        </datafield>
        <datafield tag="856" ind1="4" ind2="1">
            <subfield code="u">https://www.nrs.fs.fed.us/pubs/rp/rp_nc096.pdf</subfield>
        </datafield>
        <datafield tag="930" ind1=" " ind2=" ">
            <subfield code="a">20210629</subfield>
            <subfield code="b">00000000</subfield>
            <subfield code="c">00000000</subfield>
        </datafield>
        <datafield tag="946" ind1=" " ind2=" ">
            <subfield code="a">USDA</subfield>
        </datafield>
        <datafield tag="035" ind1=" " ind2=" ">
            <subfield code="a">(Alma)9915431254907426</subfield>
        </datafield>
    </record>