
    <record>
        <leader>03211cam a2200589Ia 4500</leader>
        <controlfield tag="001">CAT11015366</controlfield>
        <controlfield tag="005">20221101155647.0</controlfield>
        <controlfield tag="008">801015s1876    dcuabf       f001 0 eng  </controlfield>
        <datafield tag="010" ind1=" " ind2=" ">
            <subfield code="a">rc 01001038 </subfield>
        </datafield>
        <datafield tag="016" ind1="7" ind2=" ">
            <subfield code="a">CAT11015366</subfield>
            <subfield code="2">DNAL</subfield>
        </datafield>
        <datafield tag="035" ind1=" " ind2=" ">
            <subfield code="a">575958</subfield>
        </datafield>
        <datafield tag="035" ind1=" " ind2=" ">
            <subfield code="a">(OCoLC)00732692</subfield>
            <subfield code="z">(OCoLC)1027069995</subfield>
            <subfield code="z">(OCoLC)1109142182</subfield>
        </datafield>
        <datafield tag="035" ind1=" " ind2=" ">
            <subfield code="a">(DNAL)575958-naldb-Voyager</subfield>
        </datafield>
        <datafield tag="035" ind1=" " ind2=" ">
            <subfield code="z">(OCoLC)1027069995</subfield>
            <subfield code="z">(OCoLC)1109142182</subfield>
        </datafield>
        <datafield tag="040" ind1=" " ind2=" ">
            <subfield code="a">DLC</subfield>
            <subfield code="b">eng</subfield>
            <subfield code="c">DNU</subfield>
            <subfield code="d">OCL</subfield>
            <subfield code="d">WEA</subfield>
            <subfield code="d">VIC</subfield>
            <subfield code="d">OCLCQ</subfield>
            <subfield code="d">AGL</subfield>
            <subfield code="d">COO</subfield>
            <subfield code="d">OCLCG</subfield>
            <subfield code="d">KRTAS</subfield>
            <subfield code="d">OCLCQ</subfield>
            <subfield code="d">MIGCL</subfield>
            <subfield code="d">OCLCO</subfield>
            <subfield code="d">OCLCA</subfield>
            <subfield code="d">OCLCQ</subfield>
            <subfield code="d">NJR</subfield>
            <subfield code="d">OCLCQ</subfield>
            <subfield code="d">OCLCF</subfield>
            <subfield code="d">BOH</subfield>
            <subfield code="d">OCLCA</subfield>
            <subfield code="d">ANS</subfield>
            <subfield code="d">PAU</subfield>
            <subfield code="d">E8W</subfield>
            <subfield code="d">UMK</subfield>
            <subfield code="d">OCLCQ</subfield>
            <subfield code="d">OCLCA</subfield>
        </datafield>
        <datafield tag="043" ind1=" " ind2=" ">
            <subfield code="a">n-us-mt</subfield>
        </datafield>
        <datafield tag="049" ind1=" " ind2=" ">
            <subfield code="a">RQIB</subfield>
        </datafield>
        <datafield tag="070" ind1="0" ind2=" ">
            <subfield code="a">407</subfield>
            <subfield code="b">L96Re</subfield>
        </datafield>
        <datafield tag="072" ind1=" " ind2=" ">
            <subfield code="a">X400</subfield>
        </datafield>
        <datafield tag="072" ind1=" " ind2=" ">
            <subfield code="a">L000</subfield>
        </datafield>
        <datafield tag="086" ind1="0" ind2=" ">
            <subfield code="a">W 7.5:L 96/2</subfield>
        </datafield>
        <datafield tag="086" ind1="0" ind2=" ">
            <subfield code="a">W y.2:L 96/2</subfield>
        </datafield>
        <datafield tag="110" ind1="1" ind2=" ">
            <subfield code="a">United States.</subfield>
            <subfield code="b">Army.</subfield>
            <subfield code="b">Corps of Engineers.</subfield>
        </datafield>
        <datafield tag="245" ind1="1" ind2="0">
            <subfield code="a">Report of a reconnaissance from Carroll, Montana Territory, on the upper Missouri, to the Yellowstone National Park, and return, made in the summer of 1875 /</subfield>
            <subfield code="c">by William Ludlow, captain of engineers, brevet lieutenant-colonel, U.S. Army, Chief Engineer Department of Dakota.</subfield>
        </datafield>
        <datafield tag="260" ind1=" " ind2=" ">
            <subfield code="a">Washington :</subfield>
            <subfield code="b">Government Printing Office,</subfield>
            <subfield code="c">1876.</subfield>
        </datafield>
        <datafield tag="300" ind1=" " ind2=" ">
            <subfield code="a">155 pages, [5] leaves leaves of plates ([3] folded) :</subfield>
            <subfield code="b">illustrations, maps ;</subfield>
            <subfield code="c">31 cm</subfield>
        </datafield>
        <datafield tag="336" ind1=" " ind2=" ">
            <subfield code="a">text</subfield>
            <subfield code="b">txt</subfield>
            <subfield code="2">rdacontent</subfield>
        </datafield>
        <datafield tag="337" ind1=" " ind2=" ">
            <subfield code="a">unmediated</subfield>
            <subfield code="b">n</subfield>
            <subfield code="2">rdamedia</subfield>
        </datafield>
        <datafield tag="338" ind1=" " ind2=" ">
            <subfield code="a">volume</subfield>
            <subfield code="b">nc</subfield>
            <subfield code="2">rdacarrier</subfield>
        </datafield>
        <datafield tag="510" ind1="4" ind2=" ">
            <subfield code="a">Howes, W.U.S.iana, 1650-1950 (1962 edition),</subfield>
            <subfield code="c">L557</subfield>
        </datafield>
        <datafield tag="583" ind1="1" ind2=" ">
            <subfield code="a">committed to retain</subfield>
            <subfield code="c">20170930</subfield>
            <subfield code="d">20421231</subfield>
            <subfield code="f">HathiTrust</subfield>
            <subfield code="u">https://www.hathitrust.org/shared_print_program</subfield>
            <subfield code="5">PU</subfield>
        </datafield>
        <datafield tag="505" ind1="0" ind2=" ">
            <subfield code="a">General report, by W. Ludlow. -- Trip to the Judith Basin; trip from Carroll to Ellis via Yellowstone River, by R.E. Thompson. -- Zoological report, by G.B. Grinnell. -- Geological report, by E.S. Dana and G.B. Grinnell. -- Description of new fossils, by R.P. Whitfield.</subfield>
        </datafield>
        <datafield tag="591" ind1=" " ind2=" ">
            <subfield code="b">NAL Reclamation</subfield>
        </datafield>
        <datafield tag="650" ind1=" " ind2="0">
            <subfield code="a">Zoology</subfield>
            <subfield code="z">Montana.</subfield>
        </datafield>
        <datafield tag="650" ind1=" " ind2="0">
            <subfield code="a">Geology</subfield>
            <subfield code="z">Montana.</subfield>
            <subfield code="0">http://id.loc.gov/authorities/subjects/sh87003098</subfield>
        </datafield>
        <datafield tag="650" ind1=" " ind2="0">
            <subfield code="a">Paleontology</subfield>
            <subfield code="z">Montana.</subfield>
        </datafield>
        <datafield tag="651" ind1=" " ind2="0">
            <subfield code="a">Yellowstone National Park.</subfield>
            <subfield code="0">http://id.loc.gov/authorities/subjects/sh91004695</subfield>
        </datafield>
        <datafield tag="651" ind1=" " ind2="0">
            <subfield code="a">Montana</subfield>
            <subfield code="x">Description and travel.</subfield>
            <subfield code="0">http://id.loc.gov/authorities/subjects/sh85087016</subfield>
        </datafield>
        <datafield tag="651" ind1=" " ind2="0">
            <subfield code="a">United States</subfield>
            <subfield code="x">Discovery and exploration.</subfield>
        </datafield>
        <datafield tag="651" ind1=" " ind2="7">
            <subfield code="a">Montana.</subfield>
            <subfield code="2">fast</subfield>
            <subfield code="0">(OCoLC)fst01207555</subfield>
        </datafield>
        <datafield tag="651" ind1=" " ind2="7">
            <subfield code="a">United States.</subfield>
            <subfield code="2">fast</subfield>
            <subfield code="0">(OCoLC)fst01204155</subfield>
        </datafield>
        <datafield tag="651" ind1=" " ind2="7">
            <subfield code="a">United States</subfield>
            <subfield code="z">Yellowstone National Park.</subfield>
            <subfield code="2">fast</subfield>
            <subfield code="0">(OCoLC)fst01285604</subfield>
        </datafield>
        <datafield tag="655" ind1=" " ind2="0">
            <subfield code="a">Government publications</subfield>
        </datafield>
        <datafield tag="700" ind1="1" ind2=" ">
            <subfield code="a">Ludlow, William,</subfield>
            <subfield code="d">1843-1901.</subfield>
        </datafield>
        <datafield tag="710" ind1="1" ind2=" ">
            <subfield code="a">United States.</subfield>
            <subfield code="b">War Department.</subfield>
        </datafield>
        <datafield tag="710" ind1="1" ind2=" ">
            <subfield code="a">United States.</subfield>
            <subfield code="b">Army.</subfield>
            <subfield code="b">Office of the Chief of Engineers.</subfield>
            <subfield code="0">http://id.loc.gov/authorities/names/n87851187</subfield>
        </datafield>
        <datafield tag="752" ind1=" " ind2=" ">
            <subfield code="a">United States</subfield>
            <subfield code="b">District of Columbia</subfield>
            <subfield code="d">Washington.</subfield>
        </datafield>
        <datafield tag="776" ind1="0" ind2="8">
            <subfield code="i">Online version:</subfield>
            <subfield code="a">United States. Army. Corps of Engineers.</subfield>
            <subfield code="t">Report of a reconnaissance from Carroll, Montana Territory, on the upper Missouri, to the Yellowstone National Park, and return, made in the summer of 1875.</subfield>
            <subfield code="d">Washington, D.C. : G.P.O., 1876</subfield>
            <subfield code="w">(OCoLC)655276129</subfield>
        </datafield>
        <datafield tag="911" ind1=" " ind2=" ">
            <subfield code="i">chl00165703</subfield>
        </datafield>
        <datafield tag="930" ind1=" " ind2=" ">
            <subfield code="a">00000000</subfield>
            <subfield code="b">00000000</subfield>
            <subfield code="c">00000000</subfield>
        </datafield>
        <datafield tag="946" ind1=" " ind2=" ">
            <subfield code="a">Other US</subfield>
        </datafield>
        <datafield tag="035" ind1=" " ind2=" ">
            <subfield code="a">(Alma)9915431237207426</subfield>
        </datafield>
    </record>