
    <record>
        <leader>02060cam a2200493Ia 4500</leader>
        <controlfield tag="001">CAT92273866</controlfield>
        <controlfield tag="005">20221101155742.0</controlfield>
        <controlfield tag="008">770701s1977    mnua     b   f000 0 eng d</controlfield>
        <datafield tag="016" ind1="7" ind2=" ">
            <subfield code="a">CAT92273866</subfield>
            <subfield code="2">DNAL</subfield>
        </datafield>
        <datafield tag="035" ind1=" " ind2=" ">
            <subfield code="a">(OCoLC)ocm03086625</subfield>
        </datafield>
        <datafield tag="035" ind1=" " ind2=" ">
            <subfield code="a">575243</subfield>
        </datafield>
        <datafield tag="035" ind1=" " ind2=" ">
            <subfield code="a">(DNAL)575243-naldb-Voyager</subfield>
        </datafield>
        <datafield tag="035" ind1=" " ind2=" ">
            <subfield code="z">(OCoLC)1225811217</subfield>
        </datafield>
        <datafield tag="037" ind1=" " ind2=" ">
            <subfield code="b">55108</subfield>
        </datafield>
        <datafield tag="040" ind1=" " ind2=" ">
            <subfield code="a">VHB</subfield>
            <subfield code="b">eng</subfield>
            <subfield code="c">VHB</subfield>
            <subfield code="d">GPO</subfield>
            <subfield code="d">RQF</subfield>
            <subfield code="d">OCLCQ</subfield>
            <subfield code="d">SPI</subfield>
            <subfield code="d">KLG</subfield>
            <subfield code="d">OCLCQ</subfield>
            <subfield code="d">PHA</subfield>
            <subfield code="d">OCLCF</subfield>
            <subfield code="d">OCLCQ</subfield>
            <subfield code="d">COD</subfield>
            <subfield code="d">OCLCA</subfield>
            <subfield code="d">AGM</subfield>
            <subfield code="d">JDP</subfield>
            <subfield code="d">WURST</subfield>
            <subfield code="d">CUT</subfield>
            <subfield code="d">AGL</subfield>
        </datafield>
        <datafield tag="043" ind1=" " ind2=" ">
            <subfield code="a">n-us-mi</subfield>
        </datafield>
        <datafield tag="049" ind1=" " ind2=" ">
            <subfield code="a">AGLL</subfield>
        </datafield>
        <datafield tag="070" ind1="0" ind2=" ">
            <subfield code="a">aSD11.A34</subfield>
            <subfield code="b">no.140</subfield>
        </datafield>
        <datafield tag="072" ind1=" " ind2="0">
            <subfield code="a">K100</subfield>
        </datafield>
        <datafield tag="072" ind1=" " ind2="0">
            <subfield code="a">K100</subfield>
        </datafield>
        <datafield tag="100" ind1="1" ind2=" ">
            <subfield code="a">Metzger, Frederick T.,</subfield>
            <subfield code="e">author.</subfield>
        </datafield>
        <datafield tag="245" ind1="1" ind2="0">
            <subfield code="a">Sugar maple and yellow birch seedling growth after simulated browsing /</subfield>
            <subfield code="c">Frederick T. Metzger.</subfield>
        </datafield>
        <datafield tag="260" ind1=" " ind2=" ">
            <subfield code="a">[Saint Paul, Minnesota] :</subfield>
            <subfield code="b">North Central Forest Experiment Station, Forest Service, U.S. Dept. of Agriculture,</subfield>
            <subfield code="c">1977.</subfield>
        </datafield>
        <datafield tag="300" ind1=" " ind2=" ">
            <subfield code="a">6 pages :</subfield>
            <subfield code="b">illustrations ;</subfield>
            <subfield code="c">27 cm.</subfield>
        </datafield>
        <datafield tag="336" ind1=" " ind2=" ">
            <subfield code="a">text</subfield>
            <subfield code="b">txt</subfield>
            <subfield code="2">rdacontent</subfield>
        </datafield>
        <datafield tag="337" ind1=" " ind2=" ">
            <subfield code="a">unmediated</subfield>
            <subfield code="b">n</subfield>
            <subfield code="2">rdamedia</subfield>
        </datafield>
        <datafield tag="338" ind1=" " ind2=" ">
            <subfield code="a">volume</subfield>
            <subfield code="b">nc</subfield>
            <subfield code="2">rdacarrier</subfield>
        </datafield>
        <datafield tag="490" ind1="1" ind2=" ">
            <subfield code="a">USDA Forest Service research paper NC ;</subfield>
            <subfield code="v">140</subfield>
        </datafield>
        <datafield tag="500" ind1=" " ind2=" ">
            <subfield code="a">Cover title.</subfield>
        </datafield>
        <datafield tag="504" ind1=" " ind2=" ">
            <subfield code="a">Includes bibliographical references (pages 5-6).</subfield>
        </datafield>
        <datafield tag="530" ind1=" " ind2=" ">
            <subfield code="a">Also available on the Internet.</subfield>
        </datafield>
        <datafield tag="650" ind1=" " ind2="0">
            <subfield code="a">Sugar maple</subfield>
            <subfield code="x">Seedlings</subfield>
            <subfield code="x">Effect of browsing on.</subfield>
        </datafield>
        <datafield tag="650" ind1=" " ind2="0">
            <subfield code="a">Yellow birch</subfield>
            <subfield code="x">Seedlings</subfield>
            <subfield code="x">Effect of browsing on.</subfield>
        </datafield>
        <datafield tag="650" ind1=" " ind2="0">
            <subfield code="a">Sugar maple</subfield>
            <subfield code="x">Growth.</subfield>
        </datafield>
        <datafield tag="650" ind1=" " ind2="0">
            <subfield code="a">Yellow birch</subfield>
            <subfield code="x">Growth.</subfield>
        </datafield>
        <datafield tag="655" ind1=" " ind2="3">
            <subfield code="a">Internet resource</subfield>
        </datafield>
        <datafield tag="710" ind1="1" ind2=" ">
            <subfield code="a">United States.</subfield>
            <subfield code="b">Department of Agriculture.</subfield>
        </datafield>
        <datafield tag="710" ind1="1" ind2=" ">
            <subfield code="a">United States.</subfield>
            <subfield code="b">Forest Service.</subfield>
        </datafield>
        <datafield tag="776" ind1="0" ind2="8">
            <subfield code="i">Online version:</subfield>
            <subfield code="a">Metzger, Frederick T.</subfield>
            <subfield code="t">Sugar maple and yellow birch seedling growth after simulated browsing.</subfield>
            <subfield code="d">[Saint Paul, Minn.] : North Central Forest Experiment Station, Forest Service, U.S. Dept. of Agriculture, 1977</subfield>
            <subfield code="w">(OCoLC)624312080</subfield>
        </datafield>
        <datafield tag="830" ind1=" " ind2="0">
            <subfield code="a">USDA Forest Service research paper NC ;</subfield>
            <subfield code="v">140.</subfield>
        </datafield>
        <datafield tag="856" ind1="4" ind2="1">
            <subfield code="u">https://www.nrs.fs.fed.us/pubs/rp/rp_nc140.pdf</subfield>
        </datafield>
        <datafield tag="930" ind1=" " ind2=" ">
            <subfield code="a">20210709</subfield>
            <subfield code="b">00000000</subfield>
            <subfield code="c">00000000</subfield>
        </datafield>
        <datafield tag="946" ind1=" " ind2=" ">
            <subfield code="a">USDA</subfield>
        </datafield>
        <datafield tag="035" ind1=" " ind2=" ">
            <subfield code="a">(Alma)9915431275307426</subfield>
        </datafield>
    </record>