
    <record>
        <leader>01319cam a2200361Mi 4500</leader>
        <controlfield tag="001">CAT11023007</controlfield>
        <controlfield tag="005">20221102153335.0</controlfield>
        <controlfield tag="008">950622s1952    dk            000 0 dan d</controlfield>
        <datafield tag="016" ind1="7" ind2=" ">
            <subfield code="a">CAT11023007</subfield>
            <subfield code="2">DNAL</subfield>
        </datafield>
        <datafield tag="035" ind1=" " ind2=" ">
            <subfield code="a">757807</subfield>
        </datafield>
        <datafield tag="035" ind1=" " ind2=" ">
            <subfield code="a">(OCoLC)71117380</subfield>
        </datafield>
        <datafield tag="035" ind1=" " ind2=" ">
            <subfield code="a">(DNAL)757807-naldb-Voyager</subfield>
        </datafield>
        <datafield tag="040" ind1=" " ind2=" ">
            <subfield code="a">AGL</subfield>
            <subfield code="b">eng</subfield>
            <subfield code="c">AGL</subfield>
            <subfield code="d">OCLCG</subfield>
            <subfield code="d">OCLCQ</subfield>
            <subfield code="d">AGL</subfield>
        </datafield>
        <datafield tag="041" ind1="1" ind2=" ">
            <subfield code="a">dan</subfield>
            <subfield code="a">eng</subfield>
            <subfield code="b">eng</subfield>
            <subfield code="m">dan</subfield>
        </datafield>
        <datafield tag="049" ind1=" " ind2=" ">
            <subfield code="a">RQIB</subfield>
        </datafield>
        <datafield tag="070" ind1="0" ind2=" ">
            <subfield code="a">463.5</subfield>
            <subfield code="b">H11</subfield>
        </datafield>
        <datafield tag="072" ind1=" " ind2=" ">
            <subfield code="a">F400</subfield>
        </datafield>
        <datafield tag="072" ind1=" " ind2=" ">
            <subfield code="a">K001</subfield>
        </datafield>
        <datafield tag="100" ind1="1" ind2=" ">
            <subfield code="a">Haarløv, Niels,</subfield>
            <subfield code="d">1919-</subfield>
            <subfield code="0">http://id.loc.gov/authorities/names/n83136119</subfield>
        </datafield>
        <datafield tag="245" ind1="1" ind2="0">
            <subfield code="a">Temperaturmålinger i bark og ved af Sitkagran (Picea sitchensis) med særlig henblik på temperaturen i gangsystemer af Hylesinus (Dendroctonus) Micans =</subfield>
            <subfield code="b">Measurements of temperature in bark and wood of Sitka spruce (Picea sitchensis) with special reference to temperature in galleries of Hylesinus (Dendroctonus) Micans.</subfield>
        </datafield>
        <datafield tag="260" ind1=" " ind2=" ">
            <subfield code="a">København :</subfield>
            <subfield code="b">Kandrup &amp; Wunsch,</subfield>
            <subfield code="c">1952.</subfield>
        </datafield>
        <datafield tag="300" ind1=" " ind2=" ">
            <subfield code="a">91 pages</subfield>
        </datafield>
        <datafield tag="336" ind1=" " ind2=" ">
            <subfield code="a">text</subfield>
            <subfield code="b">txt</subfield>
            <subfield code="2">rdacontent</subfield>
        </datafield>
        <datafield tag="337" ind1=" " ind2=" ">
            <subfield code="a">unmediated</subfield>
            <subfield code="b">n</subfield>
            <subfield code="2">rdamedia</subfield>
        </datafield>
        <datafield tag="338" ind1=" " ind2=" ">
            <subfield code="a">volume</subfield>
            <subfield code="b">nc</subfield>
            <subfield code="2">rdacarrier</subfield>
        </datafield>
        <datafield tag="591" ind1=" " ind2=" ">
            <subfield code="b">NAL Reclamation</subfield>
        </datafield>
        <datafield tag="650" ind1=" " ind2="3">
            <subfield code="a">forestry.</subfield>
        </datafield>
        <datafield tag="650" ind1=" " ind2="3">
            <subfield code="a">plant morphology.</subfield>
        </datafield>
        <datafield tag="650" ind1=" " ind2="3">
            <subfield code="a">plant anatomy.</subfield>
        </datafield>
        <datafield tag="911" ind1=" " ind2=" ">
            <subfield code="i">chl00194119</subfield>
        </datafield>
        <datafield tag="930" ind1=" " ind2=" ">
            <subfield code="a">00000000</subfield>
            <subfield code="b">00000000</subfield>
            <subfield code="c">00000000</subfield>
        </datafield>
        <datafield tag="946" ind1=" " ind2=" ">
            <subfield code="a">Non-US</subfield>
        </datafield>
        <datafield tag="035" ind1=" " ind2=" ">
            <subfield code="a">(Alma)9915527730507426</subfield>
        </datafield>
    </record>