
    <record>
        <leader>01820cam a2200409Ia 4500</leader>
        <controlfield tag="001">CAT11030620</controlfield>
        <controlfield tag="005">20221102153328.0</controlfield>
        <controlfield tag="008">950622s1950    ru ab    b    000 0 rus d</controlfield>
        <datafield tag="016" ind1="7" ind2=" ">
            <subfield code="a">CAT11030620</subfield>
            <subfield code="2">DNAL</subfield>
        </datafield>
        <datafield tag="035" ind1=" " ind2=" ">
            <subfield code="a">757082</subfield>
        </datafield>
        <datafield tag="035" ind1=" " ind2=" ">
            <subfield code="a">(OCoLC)46699397</subfield>
        </datafield>
        <datafield tag="035" ind1=" " ind2=" ">
            <subfield code="a">(DNAL)757082-naldb-Voyager</subfield>
        </datafield>
        <datafield tag="040" ind1=" " ind2=" ">
            <subfield code="a">VXG</subfield>
            <subfield code="b">eng</subfield>
            <subfield code="c">VXG</subfield>
            <subfield code="d">OCLCQ</subfield>
            <subfield code="d">AGL</subfield>
            <subfield code="d">OCLCF</subfield>
            <subfield code="d">OCLCQ</subfield>
            <subfield code="d">OCLCO</subfield>
            <subfield code="d">OCLCA</subfield>
            <subfield code="d">OCLCQ</subfield>
        </datafield>
        <datafield tag="043" ind1=" " ind2=" ">
            <subfield code="a">e-ru---</subfield>
        </datafield>
        <datafield tag="049" ind1=" " ind2=" ">
            <subfield code="a">RQIB</subfield>
        </datafield>
        <datafield tag="066" ind1=" " ind2=" ">
            <subfield code="c">(N</subfield>
        </datafield>
        <datafield tag="070" ind1="0" ind2=" ">
            <subfield code="a">459.2</subfield>
            <subfield code="b">So14</subfield>
        </datafield>
        <datafield tag="072" ind1=" " ind2=" ">
            <subfield code="a">F700</subfield>
        </datafield>
        <datafield tag="100" ind1="1" ind2=" ">
            <subfield code="a">Sobolevskai︠a︡, K. A.</subfield>
            <subfield code="q">(Kira Arkadʹevna)</subfield>
        </datafield>
        <datafield tag="245" ind1="1" ind2="0">
            <subfield code="6">880-01</subfield>
            <subfield code="a">Rastitelʹnostʹ Tuvy /</subfield>
            <subfield code="c">K.A. Sobolevskai︠a︡ ; otvestvennyĭ redaktor V.V. Reverdatto.</subfield>
        </datafield>
        <datafield tag="880" ind1="1" ind2="0">
            <subfield code="6">245-01/(N</subfield>
            <subfield code="a">Растительность Тувы /</subfield>
            <subfield code="c">К.А. Соболевская ; отвественный редактор В.В. Ревердатто.</subfield>
        </datafield>
        <datafield tag="260" ind1=" " ind2=" ">
            <subfield code="6">880-02</subfield>
            <subfield code="a">Novosibirsk :</subfield>
            <subfield code="b">Akademii︠a︡ nauk Soi︠u︡za SSR, Zapadno-Sibirskiĭ filial, Mediko-biologicheskiĭ Institut,</subfield>
            <subfield code="c">1950.</subfield>
        </datafield>
        <datafield tag="880" ind1=" " ind2=" ">
            <subfield code="6">260-02/(N</subfield>
            <subfield code="a">Новосибирск :</subfield>
            <subfield code="b">Академия наук Союза ССР, Западно-Сибирский филиал, Медико-биологический Институт,</subfield>
            <subfield code="c">1950.</subfield>
        </datafield>
        <datafield tag="300" ind1=" " ind2=" ">
            <subfield code="a">139 pages :</subfield>
            <subfield code="b">illustrations, maps ;</subfield>
            <subfield code="c">25 cm</subfield>
        </datafield>
        <datafield tag="336" ind1=" " ind2=" ">
            <subfield code="a">text</subfield>
            <subfield code="b">txt</subfield>
            <subfield code="2">rdacontent</subfield>
        </datafield>
        <datafield tag="337" ind1=" " ind2=" ">
            <subfield code="a">unmediated</subfield>
            <subfield code="b">n</subfield>
            <subfield code="2">rdamedia</subfield>
        </datafield>
        <datafield tag="338" ind1=" " ind2=" ">
            <subfield code="a">volume</subfield>
            <subfield code="b">nc</subfield>
            <subfield code="2">rdacarrier</subfield>
        </datafield>
        <datafield tag="504" ind1=" " ind2=" ">
            <subfield code="a">Includes bibliographical references (pages 135-139).</subfield>
        </datafield>
        <datafield tag="588" ind1=" " ind2=" ">
            <subfield code="a">Non-Latin script generated programmatically.</subfield>
        </datafield>
        <datafield tag="591" ind1=" " ind2=" ">
            <subfield code="b">NAL Reclamation</subfield>
        </datafield>
        <datafield tag="650" ind1=" " ind2="0">
            <subfield code="a">Botany</subfield>
            <subfield code="z">Russia (Federation)</subfield>
            <subfield code="z">Tuva.</subfield>
        </datafield>
        <datafield tag="651" ind1=" " ind2="7">
            <subfield code="a">Russia (Federation)</subfield>
            <subfield code="z">Tuva.</subfield>
            <subfield code="2">fast</subfield>
            <subfield code="0">(OCoLC)fst01262844</subfield>
        </datafield>
        <datafield tag="700" ind1="1" ind2=" ">
            <subfield code="a">Revedatto, V. V.</subfield>
            <subfield code="q">(Viktor Vladimirovich),</subfield>
            <subfield code="d">1891-1969.</subfield>
        </datafield>
        <datafield tag="911" ind1=" " ind2=" ">
            <subfield code="i">chl00189630</subfield>
        </datafield>
        <datafield tag="930" ind1=" " ind2=" ">
            <subfield code="a">00000000</subfield>
            <subfield code="b">00000000</subfield>
            <subfield code="c">00000000</subfield>
        </datafield>
        <datafield tag="946" ind1=" " ind2=" ">
            <subfield code="a">Non-US</subfield>
        </datafield>
        <datafield tag="035" ind1=" " ind2=" ">
            <subfield code="a">(Alma)9915527728807426</subfield>
        </datafield>
    </record>