
    <record>
        <leader>02026cam a2200433Ia 4500</leader>
        <controlfield tag="001">CAT11030911</controlfield>
        <controlfield tag="005">20221102153332.0</controlfield>
        <controlfield tag="008">950622s1956    ru a     b    000 0 ruso </controlfield>
        <datafield tag="010" ind1=" " ind2=" ">
            <subfield code="a">   56057660 </subfield>
        </datafield>
        <datafield tag="016" ind1="7" ind2=" ">
            <subfield code="a">CAT11030911</subfield>
            <subfield code="2">DNAL</subfield>
        </datafield>
        <datafield tag="035" ind1=" " ind2=" ">
            <subfield code="a">757328</subfield>
        </datafield>
        <datafield tag="035" ind1=" " ind2=" ">
            <subfield code="a">(OCoLC)22897912</subfield>
        </datafield>
        <datafield tag="035" ind1=" " ind2=" ">
            <subfield code="a">(DNAL)757328-naldb-Voyager</subfield>
        </datafield>
        <datafield tag="040" ind1=" " ind2=" ">
            <subfield code="a">DLC</subfield>
            <subfield code="b">eng</subfield>
            <subfield code="c">CRL</subfield>
            <subfield code="d">OCLCQ</subfield>
            <subfield code="d">AGL</subfield>
            <subfield code="d">OCLCG</subfield>
            <subfield code="d">OCLCF</subfield>
            <subfield code="d">OCLCQ</subfield>
            <subfield code="d">OCLCO</subfield>
            <subfield code="d">OCLCA</subfield>
            <subfield code="d">OCLCQ</subfield>
        </datafield>
        <datafield tag="043" ind1=" " ind2=" ">
            <subfield code="a">a-kg---</subfield>
        </datafield>
        <datafield tag="049" ind1=" " ind2=" ">
            <subfield code="a">RQIB</subfield>
        </datafield>
        <datafield tag="066" ind1=" " ind2=" ">
            <subfield code="c">(N</subfield>
        </datafield>
        <datafield tag="070" ind1="0" ind2=" ">
            <subfield code="a">463.8</subfield>
            <subfield code="b">V99</subfield>
        </datafield>
        <datafield tag="072" ind1=" " ind2=" ">
            <subfield code="a">F300</subfield>
        </datafield>
        <datafield tag="100" ind1="1" ind2=" ">
            <subfield code="a">Vykhodt︠s︡ev, I. V.</subfield>
            <subfield code="q">(Ivan Vasilʹevich),</subfield>
            <subfield code="d">1893-</subfield>
            <subfield code="0">http://id.loc.gov/authorities/names/n84047970</subfield>
        </datafield>
        <datafield tag="245" ind1="1" ind2="0">
            <subfield code="6">880-01</subfield>
            <subfield code="a">Vertikalʹnai︠a︡ poi︠a︡snostʹ rastitelʹnosti v Kirgizii :</subfield>
            <subfield code="b">Tanʹ-Shanʹ i Alaĭ /</subfield>
            <subfield code="c">I.V. Vykhodt︠s︡ev.</subfield>
        </datafield>
        <datafield tag="880" ind1="1" ind2="0">
            <subfield code="6">245-01/(N</subfield>
            <subfield code="a">Вертикальная поясность растительности в Киргизии :</subfield>
            <subfield code="b">Тань-Шань и Алай /</subfield>
            <subfield code="c">И.В. Выходцев.</subfield>
        </datafield>
        <datafield tag="260" ind1=" " ind2=" ">
            <subfield code="6">880-02</subfield>
            <subfield code="a">Moskva :</subfield>
            <subfield code="b">Izd-vo Akademii nauk SSSR,</subfield>
            <subfield code="c">1956.</subfield>
        </datafield>
        <datafield tag="880" ind1=" " ind2=" ">
            <subfield code="6">260-02/(N</subfield>
            <subfield code="a">Москва :</subfield>
            <subfield code="b">Изд-во Академии наук СССР,</subfield>
            <subfield code="c">1956.</subfield>
        </datafield>
        <datafield tag="300" ind1=" " ind2=" ">
            <subfield code="a">82, [1] pages :</subfield>
            <subfield code="b">illustrations ;</subfield>
            <subfield code="c">20 cm</subfield>
        </datafield>
        <datafield tag="336" ind1=" " ind2=" ">
            <subfield code="a">text</subfield>
            <subfield code="b">txt</subfield>
            <subfield code="2">rdacontent</subfield>
        </datafield>
        <datafield tag="337" ind1=" " ind2=" ">
            <subfield code="a">unmediated</subfield>
            <subfield code="b">n</subfield>
            <subfield code="2">rdamedia</subfield>
        </datafield>
        <datafield tag="338" ind1=" " ind2=" ">
            <subfield code="a">volume</subfield>
            <subfield code="b">nc</subfield>
            <subfield code="2">rdacarrier</subfield>
        </datafield>
        <datafield tag="504" ind1=" " ind2=" ">
            <subfield code="a">Includes bibliographical references (page 83).</subfield>
        </datafield>
        <datafield tag="588" ind1=" " ind2=" ">
            <subfield code="a">Non-Latin script generated programmatically.</subfield>
        </datafield>
        <datafield tag="591" ind1=" " ind2=" ">
            <subfield code="b">NAL Reclamation</subfield>
        </datafield>
        <datafield tag="650" ind1=" " ind2="0">
            <subfield code="a">Botany</subfield>
            <subfield code="z">Kyrgyzstan.</subfield>
        </datafield>
        <datafield tag="651" ind1=" " ind2="7">
            <subfield code="a">Kyrgyzstan.</subfield>
            <subfield code="2">fast</subfield>
            <subfield code="0">(OCoLC)fst01260659</subfield>
        </datafield>
        <datafield tag="776" ind1="0" ind2="8">
            <subfield code="i">Online version:</subfield>
            <subfield code="a">Vykhodt︠s︡ev, I.V. (Ivan Vasilʹevich), 1893-</subfield>
            <subfield code="t">Vertikalʹnai︠a︡ poi︠a︡snostʹ rastitelʹnosti v Kirgizii.</subfield>
            <subfield code="d">Moskva : Izd-vo Akademii nauk SSSR, 1956</subfield>
            <subfield code="w">(OCoLC)609319785</subfield>
        </datafield>
        <datafield tag="880" ind1=" " ind2=" ">
            <subfield code="6">500-03/(N</subfield>
            <subfield code="a">At head of title: Академия наук Киргизской ССР. Институт ботаники и растениеводства.</subfield>
        </datafield>
        <datafield tag="911" ind1=" " ind2=" ">
            <subfield code="i">chl00196094</subfield>
        </datafield>
        <datafield tag="930" ind1=" " ind2=" ">
            <subfield code="a">00000000</subfield>
            <subfield code="b">00000000</subfield>
            <subfield code="c">00000000</subfield>
        </datafield>
        <datafield tag="946" ind1=" " ind2=" ">
            <subfield code="a">Non-US</subfield>
        </datafield>
        <datafield tag="035" ind1=" " ind2=" ">
            <subfield code="a">(Alma)9915527728607426</subfield>
        </datafield>
    </record>